1437 2589
153 129 270 186 168
530 127 1026 188 ORATIO

148 221 242 262 um,
279 203 582 269 magnitudine
602 205 907 267 periculosum.
942 208 1070 255 restat
1091 218 1139 254 ut
1172 207 1262 254 de‘
1248 223 1388 272 impe-

148 281 290 316 ratore
312 270 368 316 ad
389 269 436 315 id
457 268 621 315 bellurn
641 269 893 332 deligendo,
926 287 978 318 ac
990 273 1120 319 tantis
1142 272 1268 319 rebus
1281 289 1387 335 prae-

148 333 350 389 ficiendo,
375 333 607 380 dicendum
629 335 709 380 effe
747 333 957 382 videatur.
1026 336 1235 392 Utinam,
1276 337 1388 409 Qi-

146 396 265 452 rites,
288 397 485 444 virorum
511 397 706 454 fortium,
723 408 850 461 atque
872 399 1184 456 innocentium,
1208 401 1388 462 copiam

148 472 315 523 tantam
331 461 566 519 haberetis,
600 472 648 507 ut
668 461 762 508 haec
778 462 903 509 vobis
919 462 1178 510 deliberatio
1198 463 1387 510 difficilis

145 525 261 580 effet,
293 541 532 587 quemnam
553 524 818 587 potissimum
842 525 973 572 tantis
1003 527 1133 573 rebus
1172 543 1223 573 ac
1265 538 1387 576 tanto

138 587 262 635 *bello
277 589 600 650 praeficiendum
617 589 838 650 putaretis
909 588 1046 637 Nunc
1079 590 1183 637 vero
1204 607 1306 638 cum
1335 591 1387 639 sit

145 669 252 699 unus
276 654 359 699 Cn.
397 654 646 714 Pompeius,
681 652 756 715 qui
789 669 878 699 non
911 654 1045 700 modo
1065 670 1220 701 eorum
1240 655 1387 702 homi-

144 732 267 772 num,
318 716 393 779 qui
432 732 546 762 nunc
595 717 705 771 sunt,
756 716 964 778 gloriam,
1005 717 1076 764 sed
1105 719 1243 765 etiam
1275 720 1387 766 anti·

139 780 318 843 quitatis
336 780 611 852 memoriam
622 780 783 827 virtute
805 779 1050 842 superarit·
1036 813 1050 832 ,
1064 798 1189 857 quae
1209 798 1275 829 res
1307 784 1382 838 est,

140 860 238 907 quae
260 843 510 907 cujusquam
543 843 739 890 animum
769 844 815 890 in
852 845 936 891 hac
956 859 1086 890 causa
1106 846 1290 893 dubium
1322 847 1386 893 fa-

141 924 239 954 cere
275 909 428 970 poffit?
473 909 574 970 Ego
611 908 734 954 enim
768 908 826 954 fic
863 908 1082 964 existimo,
1126 910 1175 956 in
1212 910 1385 958 summo

141 971 404 1045 imperatore
421 984 604 1034 quatuor
625 972 703 1018 has
726 988 789 1017 res
829 971 954 1019 inesse
992 983 1208 1045 oportere,
1248 972 1383 1021 scien-

140 1036 252 1084 tiam
285 1037 345 1084 rei
370 1035 585 1108 militaris,
622 1036 846 1090 virtutem,
892 1035 1207 1093 auctoritatem,
1246 1037 1384 1084 felici-

140 1110 293 1148 tatem.
363 1100 474 1164 Qis
492 1100 629 1162 igitur
646 1099 732 1146 hoc
754 1100 937 1146 homine
970 1099 1171 1148 scientior
1188 1116 1383 1163 unquam

135 1175 216 1214 aut
237 1164 334 1220 fuit,
375 1177 448 1210 aut
472 1165 553 1211 effe
575 1163 758 1210 debuit?
799 1164 874 1226 qui
905 1161 931 1211 ὲ
966 1164 1087 1220 ludo,
1130 1176 1258 1227 atque
1280 1181 1389 1228 pue-

137 1227 250 1275 ritiae
280 1227 527 1291 disciplina,
572 1227 687 1274 bello
724 1228 942 1299 maximo,
995 1237 1126 1290 atque
1158 1229 1381 1275 acerrimis

139 1291 350 1347 hostibus,
385 1292 440 1338 ad
467 1291 600 1354 patris
644 1292 906 1347 exercitum,
948 1303 1075 1354 atque
1114 1292 1160 1338 in
1209 1292 1381 1341 militiae

136 1355 429 1418 disciplinam,
470 1355 685 1417 profec‘tus
708 1355 799 1400 est:
843 1353 918 1417 qui
958 1356 1158 1403 extrema
1191 1356 1382 1418 pueritia

138 1420 265 1466 miles
284 1420 364 1465 fuit
377 1418 535 1466 summi
568 1419 858 1496 imperatoris,
895 1419 1069 1465 ineunte
1091 1419 1380 1467 adolescentia

137 1483 325 1530 maximi
346 1483 435 1544 ipse
457 1483 672 1529 exercitus
690 1483 959 1544 imperator:
993 1484 1067 1545 qui
1102 1481 1253 1546 saepius
1276 1499 1381 1531 cum

137 1546 258 1594 hoste
287 1547 503 1603 conflixit,
539 1563 672 1609 quam
703 1545 930 1622 quisquam
952 1562 1053 1592 cum
1075 1546 1260 1593 inimico
1276 1564 1378 1595 con·

135 1611 354 1663 certavit3
390 1611 514 1683 plura
528 1609 641 1657 bella
659 1611 792 1672 geffit,
834 1626 967 1686 quam
984 1611 1128 1656 caeteri
1145 1611 1374 1673 legerunt·
1361 1644 1376 1663 ,

134 1674 280 1736 plures
306 1674 556 1737 provincias
600 1674 801 1729 confecit,
837 1690 972 1735 quam
1001 1674 1074 1734 alij
1115 1676 1378 1736 concupive-

137 1750 260 1786 runt:
296 1739 414 1798 cujus
431 1739 529 1784 adol
519 1736 721 1784 lescentia
743 1738 799 1783 ad
820 1736 1046 1783 scientiam
1069 1738 1129 1784 rei
1153 1738 1375 1794 militaris,

136 1818 226 1849 non
248 1803 400 1848 alienis
423 1803 667 1864 praeceptis,
713 1802 782 1846 {ed
805 1800 884 1846 suis
922 1801 1156 1863 imperii53
1201 1819 1288 1848 non
1313 1803 1376 1848 of·
1417 1825 1437 1846 ·,

135 1865 397 1912 fensionibus
424 1866 545 1921 belli,
582 1864 895 1914 ΐεάνίξὶοιίι5ς
931 1881 1024 1910 non
1044 1864 1280 1926 stipendiis,
1304 1866 1377 1912 sed
1410 1859 1422 1906 ἶ·

134 1929 385 1991 triumphis,
405 1930 462 1975 est
479 1929 674 1975 tradu6la
699 1933 713 1974 ?
754 1928 888 1990 Qod
915 1928 1098 1989 denique
1121 1943 1256 1990 genus
1270 1928 1404 1976 belli
1401 1951 1431 1983 ,ω

133 1993 215 2040 effe
246 1993 397 2054 potest,
442 1993 487 2038 in
520 2009 607 2053 quo
650 1992 775 2038 illum
805 2007 893 2037 non
930 1994 1172 2038 exercuerit
1203 1993 1378 2039 fortuna
1396 2002 1419 2030 ῐ“

120 2055 419 2118 reipublicae?
477 2056 563 2102 Cn
567 2056 637 2111 1le,
691 2054 970 2110 Africanum,
1014 2055 1400 2120 Transalpinum,

133 2118 440 2182 Hispaniense,
485 2118 660 2165 mistum
673 2135 731 2164 ex
753 2118 823 2164 cix
826 2117 1001 2164 itatibus
1027 2130 1154 2180 atque
1174 2134 1232 2164 ex
1250 2119 1373 2166 belli·

132 2183 351 2230 cofiffimis
368 2182 633 2238 nationibus,
670 2181 841 2237 servile,
875 2182 1028 2227 navale
1050 2182 1232 2228 bellum.
1249 2181 1413 2230 varias

133 2251 177 2292 δε
199 2247 271 2294 div
274 2246 365 2293 ersa
401 2261 577 2311 genera,
619 2250 660 2292 ἅτ
696 2219 928 2317 benorum,
970 2249 1007 2291 δι
1033 2245 1238 2302 hostium,
1282 2261 1373 2294 non

131 2310 272 2357 solum
295 2311 413 2372 gesta
428 2310 485 2358 ab
521 2311 606 2356 hoc
628 2326 731 2381 uno,
772 2309 843 2354 sed
865 2309 1001 2355 etiam
1023 2308 1233 2364 confeffl,
1278 2309 1371 2355 nul·
1386 2308 1423 2352 '3

132 2372 224 2419 lam
246 2391 339 2420 rem
360 2375 440 2421 effe
462 2374 709 2420 declarant
699 2389 745 2418 in
760 2372 833 2417 usu
855 2372 1036 2418 militari
1058 2372 1258 2434 pofitam,
1275 2382 1412 2450 quaeg,

136 2436 261 2503 hujus
279 2437 362 2485 viri
387 2437 611 2486 scientiam
628 2437 782 2500 fugere
802 2435 936 2498 poffit
1003 2436 1105 2497 Jam
1142 2435 1247 2482 vero
1282 2435 1401 2498 vir-3<

1291 2475 1409 2561 tutis}
