1437 2589
298 102 443 159 'Pro
488 99 1002 178 QchAnro.
1218 129 1292 185 39

46 196 152 236 mus,
186 174 319 239 quam
341 177 421 236 Dij
461 178 657 231 Penate8‚
713 195 800 224 uno
829 179 906 225 ino
943 181 1179 228 exsulante.
1248 188 1295 233 Si

46 241 241 298 flaterne,
297 241 328 287 fi
349 238 438 303 pie,
489 240 520 286 fi
556 257 660 287 cum
691 241 840 288 dolore
873 243 1054 299 faciunt,
1090 261 1297 296 move-ant

46 312 85 354 'te
106 307 262 352 horum
293 304 547 365 lachnrinae‚
581 315 762 351 moveat
782 305 936 367 pietas,
987 321 1163 355 moveat
1200 325 1296 372 ger-

44 369 248 417 manitas:
282 367 426 425 valeat
461 378 534 413 tua
563 382 654 413 vox
678 368 770 424 illa,
814 387 910 431 quae
930 371 1041 417 vicit
1058 388 1070 421 3
1099 383 1140 418 te
1172 375 1296 423 enim

40 431 178 480 dicere
219 431 516 484 audiebamus,
583 447 660 478 nos
721 448 870 478 omnes
903 433 1169 481 adversarios
1216 453 1294 498 pu-

41 508 144 552 tare,
175 494 253 542 nisi
270 494 344 557 qui
367 493 594 541 nobiscum
618 495 749 541 effent
772 514 782 542 :
819 508 861 542 te
882 513 1049 553 omnes,
1086 500 1161 560 qui
1191 515 1295 547 con-

45 569 110 606 tra
129 569 168 605 te
184 573 271 604 non
290 557 436 612 estem,
470 567 580 603 tuos.
649 558 842 605 Videsne
864 559 1002 622 igitur
1018 561 1134 608 hunc
1157 562 1294 624 splen-

39 620 202 678 dorem,
234 636 414 667 omnem
449 620 566 667 hanc
603 621 904 669 Brocchorum
939 625 1138 680 domum,
1175 627 1294 674 hunc

39 683 93 732 L.
111 684 348 739 Marcium,
400 683 452 729 C.
481 683 728 741 Caesetium,
781 687 835 732 L.
863 687 1122 744 Corfidium,
1160 689 1291 737 hosce

34 762 177 795 omnes
198 747 360 810 equites
385 747 519 792 Rom.
557 748 633 810 qui
663 748 816 796 adsunt
836 752 949 796 veste
981 752 1163 807 mutata,
1198 770 1290 800 non

34 810 166 858 solum
196 822 318 857 notos
357 810 458 865 tibi,
492 826 646 857 verum
669 812 806 858 etiam
844 815 1050 874 probatos
1072 816 1190 862 viros
1228 829 1289 864 te-

32 878 131 921 cum
165 873 314 921 fuisse?
381 874 529 934 Atque
570 874 638 920 his
674 873 937 940 [maxime]
972 878 1283 936 irascebamur,

33 941 73 984 δε
104 937 180 984 hos
202 937 542 999 requirebamu3‚
582 942 622 983 δε
646 938 715 983 his
754 941 950 986 nonnulii
985 942 1121 987 etiam
1144 943 1285 989 mina-

32 999 195 1048 bantur.
263 999 486 1046 Conserva
523 1000 663 1063 igitur
690 1001 773 1048 tuis
797 1002 888 1048 suos
913 1021 931 1054 3>
978 1016 1040 1060 ut,
1076 1006 1287 1067 quemad·

31 1064 206 1110 modum
238 1075 404 1119 caetera,
462 1081 558 1125 quae
596 1064 712 1110 dicta
740 1064 834 1112 sunt
855 1064 882 1111 a
905 1078 967 1121 te,
1002 1068 1060 1114 fic
1090 1069 1178 1114 hoc
1210 1084 1284 1115 ve-

31 1126 229 1173 riffirnum
268 1127 518 1189 reperiatur.
588 1127 721 1191 Quod
754 1128 785 1174 fi
829 1130 1000 1190 penitus
1040 1132 1285 1194 perspicere

32 1184 160 1252 poffes
183 1191 462 1237 concordiam
495 1191 799 1252 Ligariorum,
836 1209 989 1239 omnes
1027 1195 1178 1242 fratres
1221 1207 1284 1242 te·-
1310 1233 1314 1237 ,

33 1257 130 1300 cum
153 1253 371 1314 'judicares
401 1254 536 1300 fuisse.
606 1257 683 1301 An
721 1257 857 1317 potest
895 1256 1126 1319 quisquam
1158 1259 1283 1305 dubi·

22 1321 130 1372 t'are,
153 1318 274 1379 quin,
294 1319 325 1364 fi
345 1318 636 1381 QLigarius
660 1319 706 1364 in
725 1320 856 1365 Italia
879 1321 960 1366 efl'e
982 1322 1197 1382 potuisset,
1232 1323 1281 1368 in

27 1379 174 1426 eadem
187 1382 394 1427 sententia
424 1381 588 1426 futurus
618 1382 771 1438 fuisset,
824 1384 870 1429 in
902 1400 990 1445 qua
1031 1384 1181 1432 fratres
1216 1385 1283 1431 fu·-

26 1447 185 1491 erunt?
216 1445 310 1506 quis
332 1446 405 1500 est,
444 1445 520 1504 qui
553 1445 713 1491 horum
756 1446 1008 1494 consensum
1032 1449 1282 1510 conspiran-

26 1514 127 1562 tem,
163 1511 202 1553 δε
224 1505 333 1569 pene
365 1508 622 1564 conflatum,
660 1510 706 1555 in
742 1509 828 1556 hac
863 1527 999 1572 prope
1032 1512 1280 1573 aequalitate

27 1565 206 1616 flaterna
225 1587 312 1617 non
333 1571 504 1618 noverit
528 1576 549 1617 ἓ·
600 1574 673 1634 qui
705 1573 792 1619 hoc
814 1591 902 1620 non
940 1575 1109 1630 sentiat,
1154 1576 1279 1638 quid-

27 1630 90 1676 vis
130 1633 248 1694 prius
277 1634 466 1680 futurum
507 1635 642 1690 fuiffe,
679 1634 815 1698 quam
852 1650 900 1683 ut
940 1638 989 1685 hi
1028 1638 1177 1684 fratres
1212 1640 1280 1685 di—

24 1695 154 1741 versas
176 1697 398 1744 sententias
434 1697 708 1761 fortunasque
729 1700 1001 1762 sequerentur
1024 1705 1040 1748 ?
1108 1703 1278 1749 Volun-

26 1766 109 1804 tate
130 1758 262 1822 igitur
283 1777 432 1808 omnes
472 1773 622 1807 tecum
661 1762 865 1812 suerunt:
918 1765 1168 1826 tempestate
1201 1766 1277 1813 ab·

24 1832 157 1882 reptus
178 1824 236 1868 est
272 1841 408 1871 unus:
460 1825 553 1887 qui,
606 1825 636 1871 fi
663 1828 846 1874 confilio
885 1829 931 1874 id
963 1829 1139 1885 fecisset,
1175 1831 1277 1876 effet

26 1896 170 1931 eorum
205 1886 370 1943 fimilis,
406 1905 513 1950 quos
545 1899 591 1934 tu
613 1901 760 1936 tamen
791 1891 929 1938 salvos
966 1893 1047 1938 effe
1084 1892 1272 1939 voluisti.

24 1946 103 1994 Sed
132 1948 229 1995 ierit
268 1951 323 1997 ad
353 1951 519 1998 bellum
543 1969 553 1997 z
601 1953 838 2001 dissenserit
866 1972 952 2001 non
976 1952 1001 2000 εὶ
1045 1966 1085 2001 te
1114 1956 1270 2012 solum,

24 2010 316 2060 verumetiam
339 2013 367 2062 ἓι
402 2015 633 2062 fratribus:
669 2017 715 2062 hi
761 2029 803 2063 te
842 2030 970 2064 orant
992 2019 1068 2063 tui.
1139 2020 1273 2081 Equi-

26 2069 135 2129 dem,
169 2075 268 2122 cum
289 2078 371 2124 tuis
409 2079 611 2124 omnibus
650 2081 839 2142 negotiis
873 2082 1129 2136 intereflem‚
1184 2099 1273 2128 me-

26 2136 163 2183 moria
210 2151 348 2195 teneo,
405 2142 544 2202 quaiis
588 2154 682 2189 tum
726 2147 785 2191 T.
828 2146 1031 2208 Ligarius
1077 2147 1273 2209 Qaestoi⁴

25 2196 198 2246 urbanus
232 2202 359 2250 fuerit
379 2219 487 2265 erga
517 2216 558 2250 te
589 2210 630 2250 ἅν
669 2207 932 2268 dignitatem
982 2219 1118 2255 tuam.
1187 2209 1271 2255 Sed

25 2271 169 2321 parurn
191 2265 247 2309 est
261 2282 330 2311 me
353 2267 437 2312 hoc
461 2269 701 2315 meminisse
728 2288 736 2314 :
774 2270 896 2331 spero
919 2272 1055 2317 etiam
1092 2283 1151 2327 te,
1192 2273 1267 2332 qui

23 2319 213 2385 oblivisci
251 2328 363 2374 nihil
406 2330 527 2385 soler„
563 2332 643 2375 nisi
682 2333 879 2391 injurias,
936 2333 1148 2396 quoniam
1180 2335 1268 2380 hoe

23 2383 255 2445 &enimn
290 2393 498 2454 quoniam
536 2394 671 2442 etiam
692 2396 861 2458 ingeni]
908 2398 987 2452 tui,
1023 2410 1065 2446 te
1099 2397 1266 2459 aliquid
