1437 2589
258 99 372 158 Pro
414 99 759 157 ARCHIA
804 97 1106 155 Poss‘rA.
1227 119 1294 174 13

60 192 175 238 dices
197 192 415 246 indicabo,
454 195 494 236 &
517 192 570 237 de
607 207 706 237 meo
728 190 919 253 quodam
956 206 1104 237 amore
1128 191 1298 252 gloriae,
1430 226 1437 245 1

59 255 190 302 nimis
207 255 294 301 acri
314 255 496 310 fortaffe,
533 266 814 300 veruntamen
830 254 1024 309 honesto,
1058 254 1183 300 vobis
1201 271 1300 300 con-

58 319 222 364 fitebor.
290 318 417 364 Nam
439 334 543 379 quas
566 334 628 363 res
661 334 736 363 nos
757 318 804 363 in
822 317 1041 363 consulatu
1063 318 1204 363 nostro
1224 333 1302 362 vo-

59 380 224 427 biscum
246 380 371 426 simul
403 397 484 442 pro
525 381 657 426 salute
690 380 816 440 hujus
839 380 956 426 urbis
996 391 1124 441 atque
1161 381 1300 441 impe-

57 444 127 504 rij,
185 449 226 489 &
262 460 342 505 pro
363 444 456 489 vita
496 443 678 498 civium,
714 444 880 505 proque
902 443 1098 489 universa
1130 444 1297 504 republ.

58 507 269 568 gestimus,
294 507 442 569 attigit
463 507 538 552 hic
554 508 756 562 verfibus,
768 519 896 568 atque
912 506 1139 552 inchoavit
1162 524 1172 551 :
1207 507 1302 567 qui-

56 570 134 616 bus
157 570 330 625 auditis,
365 569 481 631 quod
502 571 616 616 mihi
638 585 804 632 magna
823 587 888 616 res
923 575 963 616 δε
996 570 1302 630 jucundavisa

55 634 130 688 est,
163 633 278 679 hunc
311 633 366 679 ad
392 633 700 694 perficiendum
721 636 914 679 hortatus
936 634 1043 679 sum.
1112 633 1302 679 Nullam

55 697 175 742 enim
196 696 329 742 virtus
346 697 480 742 aliam
502 697 746 744 mercedem
765 698 966 743 laborum
987 695 1301 757 periculorum-

56 776 140 820 que
162 760 383 815 defiderat,
439 772 591 820 praeter
606 761 720 807 hanc
756 760 894 806 laudis
918 764 958 805 δε
982 760 1134 821 gloriae
1154 777 1162 804 :
1214 759 1301 820 qua

57 822 238 884 quidem
280 823 486 877 detracta,
529 823 711 883 judices,
767 823 875 885 quid
908 823 965 868 est
987 823 1103 884 quod
1125 822 1171 867 in
1211 823 1300 868 hoc

57 897 149 932 tam
169 886 335 947 exiguo
376 887 478 932 vitae
499 887 728 941 curriculo,
787 891 827 932 ὅσ
865 898 955 931 tam
991 886 1132 940 brevi,
1168 886 1297 931 tantis

56 965 133 994 nos
156 949 202 994 in
223 949 442 996 laboribus
463 964 737 995 exerceamus
759 953 773 996 ?
802 962 916 995 certe
935 949 967 994 fi
989 949 1102 994 nihil
1123 949 1296 994 animus

57 1012 314 1073 praesentiret
345 1014 391 1058 in
413 1012 641 1074 posterum,
687 1017 727 1058 δε
761 1012 808 1068 fi,
863 1012 1020 1073 quibus
1042 1012 1297 1074 regionibus

58 1077 160 1121 vitae
195 1076 381 1136 spatium
419 1075 792 1137 circumscriptum
828 1077 901 1131 est,
951 1075 1111 1121 eisdem
1147 1091 1297 1120 omnes

58 1154 158 1199 cog
147 1139 341 1184 tationes
364 1139 615 1186 terminaret
635 1138 756 1186 suas·
743 1171 757 1190 ,
805 1155 895 1184 nee
908 1139 1038 1183 tantis
1075 1138 1115 1184 se
1137 1138 1297 1184 labori-

56 1201 134 1247 bus
172 1201 404 1264 frangeret,
454 1218 594 1264 neque
630 1213 694 1248 tot
714 1202 826 1248 curis
848 1201 1098 1264 vigiliisque
1120 1217 1300 1262 angere-

15 1274 137 1319 -ytur,
173 1281 250 1310 nec
271 1265 396 1311 toties
418 1265 470 1311 de
492 1266 584 1312 vita
606 1264 699 1327 ipsa
728 1264 971 1312 dimicaret.
1038 1265 1087 1312 N
1092 1281 1175 1310 unc
1197 1265 1298 1310 infi-

56 1328 127 1375 det
149 1328 346 1388 quaedam
376 1329 422 1374 in
444 1329 614 1389 optimo
636 1344 807 1390 quoque
839 1332 1000 1383 virtus,
1051 1345 1146 1390 quae
1168 1336 1298 1374 nobles

61 1391 116 1439 {5³
135 1393 218 1437 dies
241 1395 426 1437 animum
441 1392 590 1467 gloriae
604 1392 787 1454 stimulis
809 1395 986 1437 concitat
1007 1408 1022 1442 3
1077 1405 1202 1453 atque
1222 1393 1298 1436 ad-

56 1467 202 1509 monet,
237 1474 312 1500 non
333 1474 421 1500 cum
443 1458 557 1500 vitae
578 1466 752 1516 tempore
784 1457 858 1518 effi’
878 1457 1172 1501 dimittendam
1194 1473 1296 1499 com-

58 1521 386 1563 memorationem
424 1520 594 1563 nomim's
630 1521 768 1581 nostri,
809 1519 893 1578 sed
907 1536 996 1563 cum
1033 1522 1140 1562 omni
1172 1521 1297 1589 pffle-

8 1584 188 1637 4ritate
229 1582 549 1642 adaeqzcandam.
617 1581 691 1627 An
730 1580 834 1627 vero
871 1593 963 1627 tam
992 1581 1116 1642 parvi
1155 1580 1296 1626 ammi

56 1644 282 1689 videamur
303 1644 383 1690 effe
405 1660 571 1700 omneS,
590 1644 665 1705 qui
683 1645 731 1690 in
751 1644 902 1704 repub.
926 1655 1062 1706 atque
1077 1643 1123 1689 in
1139 1644 1209 1690 his
1231 1644 1297 1688 vi-

40 1716 110 1751 ‚tae
131 1707 331 1768 periculis
368 1707 670 1768 laboribusque
709 1709 940 1762 versamur,
992 1718 1054 1762 ut,
1103 1723 1204 1752 cum
1234 1706 1298 1751 us-

56 1785 137 1830 que
161 1769 215 1815 ad
235 1782 479 1816 extremum
495 1770 697 1831 spatium,
732 1770 899 1816 nullum
934 1770 1215 1831 tranquillum
1237 1781 1299 1815 at-

26 1856 31 1860 —
56 1848 140 1893 que
175 1832 363 1879 otiosum
383 1833 581 1894 spiritum
611 1833 876 1888 duxerimu5‚
926 1833 1151 1879 nobiscum
1173 1833 1298 1878 fimul

58 1895 267 1941 moritura
289 1897 440 1942 omnia
477 1897 773 1944 arbitremur?
829 1899 904 1943 An
936 1897 1038 1942 cum
1075 1897 1223 1941 statuas
1254 1901 1296 1941 ἃς

57 1957 288 2020 imagines,
323 1976 410 2004 non
428 1960 676 2006 animorum
697 1960 937 2013 simulacra,
956 1960 1026 2005 sed
1047 1975 1294 2020 corporum,

57 1997 236 2067 studiose
273 2023 398 2068 multi
440 2023 596 2069 summi
629 2023 827 2068 homines
850 2023 1049 2084 rleiquert
1037 2034 1143 2067 mt-
1131 2054 1144 2073 ,
1195 2038 1297 2066 con-

58 2082 248 2130 siliorum
271 2085 526 2146 1elinquere,
569 2102 620 2131 ac
641 2087 851 2131 virtutum
888 2087 1124 2131 nostrarum
1157 2085 1298 2156 effigi-

60 2146 180 2206 giem
202 2164 344 2193 nonne
375 2148 512 2194 multo
545 2149 676 2194 malle
714 2150 937 2202 debemus,
974 2148 1150 2193 {ummis
1173 2149 1299 2208 inge-

56 2209 140 2253 niis
157 2211 395 2270 expressam
419 2216 459 2256 δε
476 2212 694 2272 politam?
745 2213 844 2272 Ego
865 2210 968 2256 vero
1000 2211 1165 2264 omnia,
1201 2226 1297 2270 quae

48 2272 280 2378 ῗθῐεῦωῃ,
311 2273 405 2332 jam
427 2286 520 2319 tum
541 2275 587 2319 in
604 2274 792 2345 gerendo
815 2274 1014 2335 spargere
1036 2290 1106 2318 me
1140 2288 1189 2317 ac
1214 2272 1298 2316 dis-

75 2348 267 2389 emmare
291 2337 558 2382 arbitrabar
548 2354 593 2381 m
611 2337 726 2382 orbis
750 2350 870 2382 te1rce
892 2337 1153 2381 memoriam
1191 2339 1298 2380 1em-

55 2392 287 2464 Ρὴετηειῑτῑ.
355 2401 467 2446 Haec
490 2399 590 2446 vero
612 2409 662 2445 11Ἰ
663 2415 698 2445 e
720 2417 747 2446 a
767 2416 868 2446 meo
907 2399 1023 2446 sensu
1060 2399 1150 2461 post
1186 2414 1301 2443 mor-

1205 2472 1294 2506 tem
