1437 2589
294 131 1034 189 InCAT1L1NAMI.
1217 149 1283 207 71

30 276 33 278 ,
63 222 239 274 starunu
278 219 392 268 certe
411 222 650 283 verendum
686 221 800 267 mihi
833 238 921 267 non
952 232 1058 276 erat,
1103 235 1155 267 ne
1172 224 1294 282 quid,

63 285 147 334 hoc
181 285 395 346 parricida
415 286 580 331 civium
609 284 847 339 interfecto,
882 284 1059 331 invidiae
1096 284 1209 330 mihi
1248 286 1296 333 in

60 348 344 420 posteritatem
359 347 627 394 redundaret.
695 347 826 411 Qod
845 347 876 393 fi
889 363 941 393 ea
963 347 1076 393 mihi
1098 346 1298 394 maxime

61 410 324 472 impenderet
346 428 358 462 3
395 423 541 457 tamen
565 411 651 456 hoc
673 412 821 456 animo
854 411 1020 472 semper
1052 410 1130 465 fui,
1165 423 1210 458 ut
1232 412 1298 457 in-

61 473 222 520 vidiam
243 474 400 519 virtute
416 486 601 535 parram,
637 473 840 535 gloriam,
861 490 949 519 non
971 474 1201 529 invidiam,
1221 491 1297 535 pu-

60 547 205 584 tarem.
273 538 535 600 Qanquam
557 536 750 582 nonnulli
786 535 879 582 sunt
920 537 965 582 in
1003 538 1089 582 hoc
1127 538 1296 594 ordine,

60 600 131 662 qui
160 611 230 645 aut
272 616 337 655 ea,
374 616 468 660 quae
502 600 749 654 imminent,
787 614 871 644 non
909 600 1114 650 videant3
1151 605 1223 645 au't
1244 617 1299 647 ea

60 677 150 724 quae
169 661 331 717 vident,
367 662 653 709 diffimulent:
687 662 759 724 qui
783 661 902 723 spem
938 662 1138 708 Catilinae
1156 663 1299 710 molli-

61 725 134 772 bus
151 724 365 772 sententiis
387 725 595 780 aluerunt,
615 722 1041 787 conjurationemque
1055 725 1302 774 nascentem

61 803 144 835 non
158 788 370 836 credendo
398 789 783 836 corroboraverunt
807 807 817 834 z
851 805 1035 850 quorum
1073 790 1300 836 auclorita-

61 861 145 898 tem
165 850 292 898 secuti
315 852 456 907 multi,
475 868 563 898 non
586 851 724 899 solum
745 852 956 913 improbi,
990 853 1142 898 verum
1165 853 1299 900 etiam

61 914 265 976 imperiti,
300 915 331 960 fi
354 916 398 960 in
416 917 531 962 hunc
554 915 963 970 animadvertissem,
996 915 1223 961 crudeliter
1257 922 1298 962 δι,-

60 975 174 1039 regie
191 978 352 1024 factum
367 980 446 1024 effe
462 979 664 1024 dicerent.
733 978 869 1024 Nunc
891 977 1107 1040 intelligo,
1142 978 1174 1024 fi
1206 980 1299 1036 iste,

21 1041 29 1051 “
61 1041 141 1102 quo
157 1041 353 1096 intendit,
389 1042 437 1087 in
460 1041 690 1088 Manliana
711 1042 844 1087 castra
866 1042 1125 1102 pervenerit,
1161 1044 1300 1089 nemi-

62 1119 158 1150 nem
173 1115 264 1150 tam
285 1104 454 1150 stultum
485 1105 592 1160 fore,
628 1104 702 1166 qui
734 1121 821 1150 non
857 1104 1005 1150 videat
1041 1104 1302 1164 conjuratio-

63 1181 157 1213 nem
191 1168 271 1213 ess'e
303 1168 494 1220 fac‘tam3
544 1168 769 1213 neminem
798 1179 888 1213 tam
922 1168 1189 1229 improbum,
1224 1170 1302 1231 qui

34 1275 36 1278 ,
61 1244 146 1276 non
161 1229 353 1276 fateatur.
421 1232 527 1277 Hoc
549 1243 693 1277 autem
716 1247 802 1276 uno
824 1230 1065 1285 interfecto,
1100 1230 1302 1294 intelligo

62 1290 171 1338 hanc
215 1294 383 1356 reipub.
440 1295 600 1355 pestem
635 1293 848 1356 paulisper
885 1294 1083 1355 reprimi,
1127 1311 1215 1340 non
1254 1296 1303 1343 in

64 1368 310 1417 perpetuum
331 1357 565 1418 comprimi
594 1358 722 1419 posse.
791 1357 925 1420 Qod
961 1357 993 1403 fi
1030 1356 1069 1402 se
1107 1357 1300 1417 ejecerit,

61 1417 281 1481 secumque
296 1419 386 1466 suos
408 1420 622 1476 eduxerit,
668 1426 710 1467 &
740 1421 896 1466 eodem
923 1431 1094 1466 caeteros
1111 1421 1301 1483 undique

62 1481 253 1528 collectos
287 1483 520 1545 naufragos
544 1485 883 1546 aggregaverit3
918 1484 1209 1545 exstinguetur
1238 1496 1301 1532 at-

62 1558 139 1606 que
160 1545 368 1592 delebitur
384 1563 473 1592 non
494 1547 625 1593 modo
646 1547 740 1592 haec
755 1558 847 1592 tam
864 1546 1008 1593 adulta
1028 1547 1136 1607 reip.
1157 1548 1298 1608 pestis,

63 1608 210 1654 verum
242 1610 377 1656 etiam
409 1609 546 1670 stirps,
590 1625 642 1654 ae
678 1609 823 1656 semen
845 1610 1060 1655 malorum
1081 1610 1297 1657 omnium.

65 1668 235 1717 Etenim
263 1672 357 1731 jam
385 1672 476 1728 diu,
513 1673 560 1718 P.
588 1673 641 1718 C.
691 1672 738 1717 in
762 1673 830 1717 his
869 1672 1069 1734 periculis
1103 1673 1301 1733 conjura-

62 1730 186 1779 tionis
209 1734 452 1796 insidiisque
474 1734 720 1782 versamur:
765 1734 836 1781 sed
872 1734 1015 1782 nescio
1050 1752 1136 1797 quo
1172 1738 1301 1798 padio

63 1797 255 1843 omnium
272 1797 491 1852 scelerum,
528 1813 578 1844 ac
599 1799 754 1844 veteris
777 1799 930 1844 furoris
948 1804 987 1844 &-
1006 1799 1194 1845 audacife
1207 1816 1300 1846 ma-

43 1859 204 1910 «,'turitas
241 1861 288 1906 in
311 1862 437 1906 nostri
464 1860 718 1907 Consulatus
753 1872 921 1923 tempus
943 1863 1098 1924 erupit.
1168 1863 1301 1924 Qod

65 1919 96 1968 sl
120 1938 175 1968 ex
205 1934 322 1970 tanto
346 1924 574 1970 latrocinio
598 1924 671 1969 iste
692 1939 797 1968 unus
827 1925 1011 1980 tolletur,
1047 1925 1301 1970 videbimur

57 1983 224 2046 ,fortasse
241 1988 295 2031 ad
312 1988 440 2032 breve
457 1987 678 2047 quoddam
699 1999 864 2047 tempus
898 1988 1000 2033 cura
1023 1993 1062 2033 δε
1086 1999 1204 2033 metu
1218 1989 1300 2034 esst:

31 2046 234 2107 [relevati
255 2066 264 2093 :
299 2049 539 2109 periculum
572 2062 716 2095 autem
739 2049 952 2105 refidebit,
1000 2056 1039 2096 ἃ
1063 2051 1145 2096 erit
1168 2052 1302 2096 inclu-

0 2114 2 2124 '
34 2104 154 2166 fisum
173 2111 338 2172 penith
354 2112 399 2157 in
421 2113 541 2157 venis
563 2124 689 2174 atque
712 2113 757 2157 in
779 2111 1011 2158 visceribus
1034 2114 1297 2174 reipublicae.

34 2161 258 2234 f‘Ut·saepe
288 2173 487 2220 homines
510 2176 616 2236 aegri
639 2175 795 2221 morbo
827 2176 969 2236 gravi,
997 2176 1099 2221 cum
1120 2176 1218 2221 aestu
1240 2176 1303 2222 fe-

21 2234 78 2297 ·'ssb
122 2233 215 2296 'que
245 2236 471 2295 jactantur,
508 2237 539 2283 fi
560 2254 719 2299 aquam
757 2238 950 2299 gelidam
971 2238 1178 2293 biberint,
1212 2240 1300 2300 pri-

83 2351 88 2361 1
120 2290 135 2311 ¹
166 2297 342 2345 relevari
379 2301 608 2351 videntum
645 2300 801 2346 deinde
821 2300 957 2347 multo
979 2301 1154 2363 gravius
1169 2302 1300 2348 vehe-

34 2367 108 2431 ‘¹2⁶
187 2360 326 2423 ‘usque
356 2364 638 2409 afflictantur:
675 2363 731 2409 fic
747 2363 823 2408 hic
851 2363 1042 2419 morbuS,
1079 2364 1154 2425 qui
1182 2365 1301 2412 estin

49 2368 300 2501 ''Iffibuca’
354 2426 562 2476 relevatus
606 2426 748 2537 istiui)
774 2426 922 2488 poena,
981 2427 1299 2497 vehementius,

61 2503 88 2536 ⁴2*
143 2520 147 2526 «
773 2506 800 2538 z
1185 2505 1301 2536 vivis
