1437 2589
157 114 272 173 Pro
304 113 384 171 T.
414 113 981 172 ANN10M1140N
1010 134 1062 170 E.
1152 133 1267 188 205

46 205 137 251 loni
153 206 272 250 nulla
288 207 466 251 facultas
485 207 704 260 manendi,
739 207 928 252 exeundi
949 221 1037 252 non
1060 205 1183 250 causa
1207 205 1271 250 so-

44 269 154 324 lum,
190 268 260 313 sed
294 269 428 315 etiam
449 270 661 315 neceffitas
695 269 789 314 fuit.
858 269 993 332 Qid,
1033 268 1080 322 fi,
1115 280 1161 312 ut
1199 269 1270 313 ille

45 329 408 386 scivit,Milonem
431 332 521 377 fore
543 348 595 377 eo
617 332 685 377 die
708 332 751 377 in
775 332 859 387 vii,
884 334 938 378 fic
951 331 1157 378 Clodium
1180 331 1272 375 Mi-

42 394 88 439 lo
132 408 187 439 ne
232 393 431 456 suspicari
459 395 635 456 quidem
666 395 846 456 potuit?
888 395 1086 440 Primum
1104 409 1267 454 quaero,

41 456 121 517 qui
137 456 238 502 scire
261 459 480 519 potuerit?
515 458 633 518 quod
648 474 723 503 vos
742 459 859 503 idem
880 459 924 503 in
937 458 1091 504 Clodio
1107 473 1271 518 qurere-

43 535 92 564 re
114 536 203 565 non
224 521 408 580 potestis.
478 523 547 568 Ut
577 521 695 565 enim
736 521 959 566 neminem
1001 521 1152 575 ali-um,
1193 519 1270 564 nisi

46 583 108 628 T
136 583 342 629 Patinam
371 583 748 630 familiariffimum
779 583 903 629 suum
925 584 1126 644 rogass'et,
1167 581 1271 628 scire

41 645 198 706 potuit,
204 645 279 692 ilio
295 644 387 708 ipso
408 646 475 692 die
498 646 720 692 Lanuvii
701 664 726 692 a
744 647 968 696 Dictatore
986 646 1156 692 Milone
1172 661 1271 707 pr-o

42 707 86 753 di
117 707 346 754 flaminem
380 710 542 755 neceffe
578 711 672 757 effe
709 709 781 755 sed
801 719 926 755 erant
954 708 1159 770 permulti
1180 708 1268 763 aiii,

43 786 100 816 ex
122 772 276 832 quibus
298 773 344 818 id
377 769 584 818 facillime
606 771 708 817 scire
731 772 899 834 poffet3
940 787 1091 818 omnes
1115 770 1272 818 scilicet

42 833 276 879 Lanuvini.
344 835 460 882 Milo
497 835 550 879 de
575 835 718 881 Clodii
750 835 888 881 reditu
910 836 1022 880 unde
1043 835 1268 896 quaeiivit
1252 838 1268 869 Ρ

41 897 253 957 quaefierit
294 895 408 943 sane.
476 896 635 943 Videte
656 898 759 959 quid
789 898 911 944 vobis
932 897 1106 959 largiar.
1174 900 1268 944 Ser-

45 974 153 1004 vum
176 961 326 1016 etiam,
360 973 408 1007 ut
430 961 580 1006 Arrius
606 978 727 1007 meus
751 962 915 1007 amicus
954 960 1080 1016 dixit,
1120 976 1273 1006 corru-

42 1022 170 1082 perit.
237 1023 396 1084 Legite
414 1024 661 1070 testimonia
683 1024 856 1070 testium
879 1025 1133 1070 vestrorum.
1158 1024 1270 1069 dixit

45 1086 97 1129 C
127 1085 349 1141 Causinius,
389 1098 689 1147 cognomento
710 1089 854 1142 Scola,
880 1089 1169 1141 Interamnas‚
1206 1086 1269 1131 fa-

42 1147 344 1194 miliariffimus
384 1153 424 1195 &
441 1150 560 1195 idem
582 1150 629 1195 P.
655 1149 798 1195 Clodii
819 1151 953 1210 (qu'us
982 1150 1078 1209 jam
1096 1149 1270 1211 pridem

40 1210 288 1256 testimonio
312 1211 489 1258 Clodius
509 1211 665 1258 eadem
698 1213 805 1258 hora
828 1214 1094 1258 Interamnae
1130 1212 1272 1258 fuerat

39 1276 83 1318 &
115 1274 290 1334 Romae)
329 1275 378 1320 P.
406 1274 613 1321 Clodium
650 1275 726 1320 isso
747 1275 846 1322 die'
834 1292 879 1320 in
898 1276 1074 1322 Albano
1097 1274 1270 1320 mansu-

41 1350 143 1381 rum
180 1336 298 1382 fuiffe
320 1354 335 1388 3
371 1337 443 1383 sed
460 1337 601 1385 subito
622 1338 662 1384 ei
683 1339 763 1385 effe
785 1339 1059 1394 nunciatum,
1097 1340 1271 1398 Cyrum

40 1398 330 1448 architectum
368 1401 449 1446 effe
492 1411 747 1447 mortuum·
783 1403 936 1463 Itaque
973 1405 1169 1448 Romam
1202 1418 1267 1446 re-

39 1472 170 1522 pente
187 1459 444 1510 constituiffe
460 1463 682 1524 proficisci.
730 1464 861 1510 Dixit
882 1465 968 1510 hoc
991 1480 1137 1511 comes
1160 1464 1268 1509 item

40 1524 90 1586 P.
111 1524 270 1580 Clodii,
312 1526 365 1571 C.
398 1526 589 1572 Clodius.
657 1520 837 1582 Videte,
872 1527 1053 1587 judices,
1088 1537 1264 1601 quantae

41 1602 106 1631 res
138 1587 205 1632 his
243 1587 497 1638 testimoniis
519 1590 602 1635 sint
623 1590 847 1635 confecta
916 1591 1115 1636 Primum
1153 1587 1268 1636 certe

39 1648 246 1695 liberatur
266 1651 398 1706 Milo,
456 1667 545 1698 non
566 1668 619 1698 eo
640 1652 815 1698 confilio
847 1653 1064 1714 Ρτοῖεὲὶυε
1086 1654 1182 1707 effe,
1219 1662 1270 1698 ut

40 1711 337 1759 insidiaretur
324 1730 371 1759 m
392 1713 466 1758 via
488 1714 660 1771 Clodio,
694 1715 855 1777 quippe
877 1716 952 1777 qui
972 1716 1012 1762 ei
1028 1715 1180 1762 obvius
1203 1714 1270 1759 fu-

41 1785 160 1819 turus
182 1775 363 1824 omnino
385 1792 475 1822 non
495 1783 619 1823 erat.¹
667 1779 841 1824 Deinde
861 1782 965 1849 (non
981 1778 1100 1824 enim
1122 1779 1266 1832 video,

40 1853 119 1883 cur
134 1853 225 1884 non
242 1855 393 1885 meum
414 1855 586 1901 quoque
608 1856 740 1902 agam
764 1841 1008 1902 negotium)
1034 1841 1162 1896 scitis,
1196 1841 1268 1898 ju-

39 1894 172 1954 dice5‚
190 1900 307 1948 fuiffe
321 1901 396 1963 qui
413 1903 458 1948 in
479 1903 563 1949 hac
580 1904 808 1983 rogatione
826 1903 1038 1950 {uadenda
1056 1904 1264 1956 dicerent

40 1963 126 2010 M1
118 1979 222 2010 oms
260 1980 396 2010 manu
435 1965 600 2011 caedem
631 1967 712 2012 esse
749 1966 929 2021 factam,
963 1967 1139 2012 consilio
1163 1965 1269 2011 velo

41 2025 219 2096 rnajoris
243 2028 437 2086 alicujus.
508 2029 726 2075 Videlicet
746 2045 818 2075 me
855 2030 913 2074 lat
916 2046 1070 2075 ionem
1093 2045 1143 2074 ac
1167 2029 1270 2073 fica-

40 2087 156 2134 rium
193 2089 352 2149 abjeffl
371 2090 572 2137 homines
596 2096 637 2137 &
657 2092 816 2163 perditi
838 2091 1155 2138 describebant
1193 2092 1267 2151 ja-

42 2160 144 2196 cent
186 2151 266 2198 suis
305 2153 479 2198 testibus
517 2154 563 2209 ii,
599 2155 675 2216 qui
697 2154 903 2201 Clodium
926 2165 1090 2216 negant
1124 2170 1177 2198 eo
1199 2153 1267 2197 die

43 2214 258 2270 Romam,
303 2215 379 2260 nisi
421 2215 474 2261 de
498 2218 619 2277 Cyro
641 2218 836 2263 auditum
866 2218 982 2271 effer,
1028 2216 1267 2267 rediturum

43 2275 177 2322 fuisse.
243 2277 415 2343 Respirz
415 2277 502 2324 ivi:
546 2279 748 2325 liberatus
791 2280 914 2325 sum:
967 2295 1056 2325 non
1097 2294 1266 2330 vereor,

42 2335 113 2393 ne,
148 2339 266 2399 quod
285 2355 342 2386 ne
370 2339 569 2401 suspicari
589 2342 766 2403 quidem
788 2341 1021 2403 potuerim,
1049 2340 1207 2385 videor
1221 2341 1266 2385 id

0 2403 2 2406 ’
39 2401 257 2463 cogitass‘e.
309 2403 447 2450 Nunc
470 2403 698 2466 persequar
712 2417 880 2452 caetera
939 2405 1066 2451 Nam
1081 2403 1268 2512 ocffiuriric

1171 2480 1193 2509 u
