1437 2589
110 91 212 132 12
444 72 988 133 ORATIO

101 181 267 228 magno
285 164 392 212 illud
408 167 599 213 clamore
622 166 1008 229 approbaverunt?
1050 168 1220 230 Itaque,
1256 184 1344 215 cre-

101 228 174 283 do,
210 230 242 275 11
283 229 392 275 civis
416 229 642 275 Romanus
683 230 875 276 Archias
910 231 1082 291 legibus
1103 248 1193 278 non
1213 232 1341 277 effet‘
1329 262 1342 282 ‚

101 304 147 337 ut
169 293 225 338 ab
262 293 409 354 aliquo
433 292 694 354 imperatore
728 292 905 339 civitate
925 294 1171 350 donaretur,
1222 295 1345 355 perfi-

100 371 196 400 cere
234 373 323 401 non
357 356 513 416 potuit.
581 356 699 402 Sulla
720 372 823 402 cum
855 357 1075 418 Hispanos
1106 361 1145 402 &
1187 358 1343 404 Gallos

99 418 295 474 donaret,
330 419 475 474 credo,
518 419 634 464 hunc
655 431 874 481 petentem
895 420 1176 491 repudiasset:
1212 436 1344 482 quem

98 498 176 527 nos
199 483 245 527 in
266 483 477 528 concione
514 483 721 537 vidimus,
756 498 859 530 cum
896 484 936 529 ei
968 484 1167 529 libellum
1205 484 1342 529 malus

97 557 228 606 poeta
250 546 301 591 de
340 546 504 606 populo
536 545 786 605 subjecisset,
837 545 953 607 quod
989 547 1268 608 epigramma
1296 547 1343 592 in

97 624 200 653 eum
222 609 380 655 feciflet
396 609 700 654 tantummodo
723 609 895 656 alternis
930 610 1118 656 versibus
1156 607 1345 672 longius-

96 671 219 727 culis,
255 673 345 718 stat'
334 688 398 717 im
419 688 474 717 ex
492 673 546 717 iis
567 672 708 727 rebus,
743 689 847 733 quas
877 684 979 718 tunc
1001 672 1230 728 vendebat,
1276 690 1344 733 Ju-

96 733 198 780 bere
221 736 261 780 ei
285 736 516 796 praemium
535 735 686 789 tribui,
711 735 786 781 sub
808 751 861 780 ea
878 736 1145 790 conditione,
1165 734 1218 782 ne
1236 736 1342 798 quid

95 799 240 859 postea
256 798 471 844 scriberet.
539 798 630 861 Qi
647 799 916 844 sedulitatem
935 800 1039 845 mali
1056 811 1193 861 poetae
1209 779 1342 845 dtixe-

94 861 153 907 rit
169 862 317 923 aliquo
349 873 496 907 tamen
517 862 699 923 praemio
718 862 916 934 dignam,
960 863 1121 923 hujus
1109 863 1341 924 ingenium

96 929 136 970 δε
161 925 366 970 virtutem
388 926 432 970 in
451 924 692 980 scribendo,
713 930 753 971 &
775 925 953 986 copiam
975 943 1062 971 non
1083 927 1338 987 expetisset?

94 987 250 1060 Qid?
301 1005 327 1033 a
349 989 573 1050 Quiete
577 989 618 1034 10
640 989 736 1044 Pio,
771 988 1102 1035 familiarissimo
1138 990 1227 1043 suo,
1262 990 1338 1050 qui

93 1052 272 1096 civitate
297 1053 454 1097 multos
477 1051 673 1107 donavit,
730 1067 869 1113 neque
888 1067 965 1112 per
986 1052 1041 1106 se,
1099 1068 1238 1114 neque
1262 1069 1339 1113 per

92 1104 294 1160 Lucullos
313 1114 654 1175 impetravisset?
688 1115 760 1176 qui
786 1115 1021 1176 praesertim
1054 1116 1182 1177 usque
1202 1132 1253 1161 eo
1286 1117 1338 1161 (16

92 1177 173 1222 11115
213 1178 336 1223 rebus
360 1178 486 1223 scribi
510 1190 701 1239 cuperet,
752 1189 799 1223 ut
819 1178 955 1223 etiam
991 1179 1206 1226 Cordubae
1227 1180 1337 1225 natis

90 1240 246 1303 poetis,
283 1241 445 1302 pingue
468 1241 677 1303 quiddam
719 1240 966 1287 sonantibus
997 1254 1124 1304 atoue
1146 1244 1338 1314 peregri-

91 1321 134 1349 n
137 1320 214 1358 1111,
250 1314 396 1359 tamen
419 1321 538 1350 aures
580 1304 670 1350 suas
691 1304 871 1350 dederit
942 1305 1102 1366 Neque
1139 1306 1258 1351 enim
1279 1307 1338 1351 est

95 1367 182 1412 hoc
205 1367 295 1412 (11Η
284 1368 569 1423 1111111111Ε111111,
612 1368 729 1429 quod
766 1368 986 1414 obscurari
1032 1385 1119 1414 non
1162 1370 1334 1430 potest3

66 1430 161 1478 ‘fl-ed
191 1447 278 1491 prae
315 1431 441 1476 nobis
474 1431 735 1477 ferendum:
792 1433 1007 1476 t1·al7in.⁷z·z7
1040 1450 1173 1477 omnes
1200 1433 1338 1478 laudm

58 1495 230 1556 wadio,
279 1492 336 1541 ἐξ]
359 1498 530 1555 opfimus
573 1497 734 1556 quisque
755 1494 943 1540 maxim&
973 1495 1116 1556 glorie?
1153 1497 1333 1541 [lucitus.

90 1557 179 1617 [psi
216 1556 281 1602 illi
317 1556 591 1618 Philosophi,
642 1557 778 1603 etiam
816 1558 863 1604 in
900 1557 985 1602 illis
1018 1557 1194 1613 libellis,
1230 1575 1335 1620 quos

88 1620 141 1665 de
157 1621 473 1666 contemnenda
489 1621 631 1682 gloria
648 1621 853 1676 scribunt,
878 1637 1038 1666 nomen
1055 1621 1175 1666 suurn
1191 1622 1337 1667 inscri-

89 1683 225 1729 bunt:
261 1684 307 1728 in
329 1700 381 1728 eo
404 1683 512 1744 ipso,
547 1685 592 1729 in
616 1700 703 1745 quo
739 1657 1092 1745 praedicationem
1133 1685 1336 1730 nobilita-

88 1744 129 1790 t(
133 1763 263 1809 mque
285 1747 541 1808 desiiciwint
597 1747 822 1807 praedicari
842 1746 882 1792 se
921 1763 970 1792 ac
1001 1748 1220 1793 nominali
1260 1764 1335 1792 1ο-

85 1809 192 1855 lunt.
262 1811 474 1856 Decimus
491 1809 669 1870 quidem
693 1810 1086 1865 Β1111115,1111τ1111115
1107 1811 1180 1856 ille
1202 1811 1270 1855 vir
1293 1816 1334 1857 Sc

85 1873 340 1933 imperator,
391 1873 504 1932 Attij
536 1872 780 1918 amicisfimi
819 1847 880 1918 fiii
927 1874 1193 1920 carminibus
1227 1885 1334 1919 tem-

86 1935 261 1996 plorum
277 1951 328 1981 ac
345 1947 728 1981 monumentorum
745 1935 883 1981 aditus
899 1937 1130 1983 exornavit
1144 1935 1331 1982 suorum.

86 1999 190 2058 Jam
211 2013 314 2043 vero
347 1999 436 2053 ille,
493 1999 568 2060 qui
612 2013 716 2043 cum
735 1999 915 2052 AEtolis,
967 1999 1112 2045 Ennio
1153 2000 1330 2056 comite,

86 2061 268 2106 bellavit
311 2062 503 2116 Fulvius,
559 2077 649 2106 non
670 2061 888 2107 dubitavit
908 2061 1069 2108 Martis
1103 2062 1334 2108 manubias

85 2123 226 2170 Musis
265 2123 524 2169 consecrare.
594 2124 758 2187 Qare,
814 2124 862 2169 in
899 2139 986 2185 qua
1006 2124 1112 2170 urbe
1145 2126 1334 2186 impera-

85 2197 196 2232 tores
216 2202 356 2247 prope
377 2186 534 2232 armati
555 2198 783 2258 poetarum
821 2202 997 2242 nomen,
1035 2193 1075 2233 δε
1102 2188 1331 2235 Musarum

85 2249 266 2294 delubra
301 2249 539 2304 coluerunt,
574 2249 622 2295 in
642 2265 695 2295 ea
714 2266 803 2295 non
823 2249 979 2296 debent
1003 2251 1144 2312 togati
1161 2251 1329 2310 judices

84 2328 112 2357 a
136 2309 365 2357 Musarum
383 2313 550 2359 honore
571 2317 612 2358 «Sc
633 2329 659 2358 a
680 2323 909 2374 poetarum
928 2313 1058 2359 salute
1080 2314 1326 2360 abhorrere.

86 2375 233 2438 Atque
263 2386 310 2424 ut
347 2374 393 2422 id
413 2365 618 2425 libentius
639 2375 825 2434 faciatiS,
854 2375 952 2438 jam
972 2392 1045 2426 me
1081 2376 1332 2486 17001εέ311-

1257 2455 1325 2488 ces
