1437 2589
263 92 330 150 In
371 91 897 151 CATinINAM
965 90 1042 148 Π.
1212 107 1288 168 77

2 215 10 218 ψ
48 184 205 247 pinas:
240 183 512 230 Patrimonia
543 184 615 229 sua
649 182 953 244 profuderunt:
988 184 1178 230 fortunas
1201 185 1293 230 suas

4 246 5 250 ’
49 247 392 309 abligurierunt:
428 263 493 292 res
510 263 581 292 eos
599 246 883 308 jampridem,
908 246 1010 292 fides
1024 248 1202 294 deficere
1215 264 1294 293 nu-

16 326 124 372 „per
136 310 302 372 coepit:
336 310 491 356 eadem
527 322 674 356 tamen
706 309 798 364 illa,
846 326 942 371 quae
976 321 1070 357 erat
1090 311 1137 358 in
1158 311 1293 358 abun·

9 382 11 386 ’
46 373 209 428 dantia,
244 373 384 419 libido
413 384 652 434 permanet.
719 371 852 435 Qod
873 374 906 419 fi
927 373 972 419 in
1006 375 1112 420 vino
1137 375 1300 421 &alea'

0 433 5 437 ”
44 436 370 483 comessationes
393 436 532 482 solum
549 441 590 482 δε
613 435 750 482 scorta
772 448 1040 497 quaererent,-
1058 439 1188 485 effent
1221 439 1289 484 illi

44 499 223 562 quidem
236 499 500 560 desperandi,
535 499 607 546 sed
645 510 792 544 tamen
812 500 942 545 effent
969 493 1132 546 ferendi
1157 519 1167 547 :
1202 501 1290 548 hoc

44 562 147 609 vero
169 563 264 624 quis
287 563 396 608 ferre
418 563 554 624 possit,
579 563 952 614 inertes-homines
967 563 1200 610 fortissimis
1222 567 1290 611 vi-⁵

4 631 5 634 ’
43 626 102 672 ris
146 626 353 680 insidiari,
409 626 662 672 stultiffimos
700 626 1046 686 prudentiffimiS,
1096 627 1288 675 ebriosos

44 688 212 744 sobriis,
248 689 509 734 dormientes
531 684 816 751 vigilantibus
842 693 858 736 ?
906 691 983 752 qui
1021 690 1135 736 mihi
1163 706 1289 738 accu-

43 751 192 798 bantes
209 753 255 799 in
276 752 508 807 conviviis,
543 753 765 813 complexi
800 753 1000 799 mulieres
1022 754 1287 816 impudicas,

43 815 148 861 vino
164 816 573 877 languidi,confe6ti
597 814 835 870 cibo‚sertis
857 817 1067 872 redimiti,
1090 833 1288 879 unguen-

45 879 98 925 tis
135 879 278 933 obliti,
326 879 542 925 debilitati
577 879 744 940 stupris,
791 881 983 926 crustant
1017 881 1288 944 sermonibus

43 942 124 988 suis
153 943 316 988 caedem
338 942 570 997 bonorum,
605 955 733 1003 atque
755 943 872 987 urbis
890 943 1105 990 incendia.
1173 946 1285 1009 Qi-

41 1005 118 1051 bus
139 1021 225 1067 ego
246 1006 417 1052 confido
438 1005 690 1067 impendere
723 1006 861 1052 fatum
881 1007 1058 1069 aliquod
1080 1025 1094 1059 3
1131 1012 1173 1054 &
1194 1025 1287 1070 poe-

40 1084 115 1114 nas
132 1069 304 1128 jamdiu
339 1068 631 1131 improbitati,
650 1069 871 1131 nequitiae,
905 1071 1068 1126 sceleri,
1106 1071 1286 1119 libidini

41 1131 224 1186 debitas,
260 1144 333 1178 aut
370 1133 522 1178 instare
539 1132 634 1192 jam
670 1130 829 1194 plane,-
851 1146 924 1179 aut
960 1133 1074 1181 certe
1090 1134 1187 1195 jam
1208 1152 1286 1198 ap-

0 1195 348 1257 kpropinquare.
416 1197 537 1259 Qos
556 1196 588 1241 fi
611 1212 731 1242 meus
766 1198 1035 1254 Consulatus,
1074 1199 1287 1260 quoniam

1 1269 5 1273 ’
42 1258 188 1306 sanare
209 1275 298 1305 non
319 1260 469 1319 potest,
487 1258 722 1312 sustulerit3
745 1276 833 1307 non
855 1260 985 1307 breve
1006 1261 1149 1308 nescio
1166 1262 1286 1324 quod

3 1326 5 1328 ’
41 1332 228 1383 ῐεῐηριιε,
261 1323 331 1368 sed
374 1323 513 1369 multa
547 1323 686 1369 secula
722 1324 979 1385 propagiirit
1014 1325 1284 1386 reipublicae.

42 1385 182 1432 Nulla
194 1386 251 1430 est
271 1386 392 1431 enim
413 1386 548 1441 natio,
583 1402 718 1448 quam
739 1386 1088 1448 pertimescamus
1107 1407 1119 1440 ;
1144 1389 1286 1435 nullus

38 1463 136 1503 rex,
170 1449 245 1511 qui
289 1449 455 1495 bellum
486 1451 649 1512 populo
693 1451 899 1497 Romano
930 1451 1088 1498 inferre
1126 1453 1248 1513 poffit
1270 1469 1288 1500 ξ

25 1512 192 1557 *omnia
211 1511 306 1558 sunt
344 1524 541 1568 externa,
575 1513 698 1559 unius
731 1513 906 1570 virtute,
939 1515 1052 1561 terrai
1085 1516 1287 1578 marique

41 1586 210 1636 pacata.
278 1575 582 1622 Domesticum
602 1577 766 1623 bellum
788 1590 960 1624 manet:
983 1578 1095 1625 intus
1119 1579 1286 1626 insidiae

39 1637 134 1684 sunt
158 1655 168 1683 ε
202 1639 317 1684 intus
347 1639 558 1686 inclusum
578 1641 820 1701 periculum
834 1642 892 1686 est
916 1659 925 1687 :
961 1642 1073 1688 intus
1110 1643 1168 1688 est
1205 1643 1285 1689 ho-

20 1701 144 1746 ›stisz
177 1718 280 1748 cum
302 1702 475 1748 luxuria
511 1703 654 1758 nobis,
689 1720 790 1750 cum
811 1706 1018 1760 amentia,
1063 1721 1164 1752 cum
1198 1706 1285 1753 sce-

4 1804 6 1806 ,
27 1763 127 1810 lere
140 1765 392 1811 certandum
406 1767 478 1812 est.
545 1767 669 1812 Huic
684 1783 769 1828 ego
791 1784 861 1813 me
883 1768 998 1814 bello
1011 1769 1167 1815 ducem
1184 1785 1285 1831 pro-

17 1854 21 1876 <
41 1827 177 1884 fiteor,
202 1828 396 1892 Qirites
421 1847 430 1875 ε
465 1828 652 1890 suscipio
670 1831 922 1877 inimicitias
936 1832 1284 1895 hominumper-

29 1889 245 1938 flitmum.
313 1892 425 1956 Qae
437 1891 577 1939 sanari
595 1905 810 1955 poterunt,
847 1911 1101 1957 quacunque
1114 1898 1282 1943 ratione

23 1953 201 2004 :sanabo
224 1971 234 2000 ε
258 1955 599 2016 ςυεε,τε[εεειηά3.
623 1968 762 2013 erunt,
785 1973 874 2003 non
895 1958 1036 2020 patiar
1063 1959 1118 2004 ad
1139 1961 1284 2021 perni-

10 2017 155 2080 „piem
169 2017 358 2063 civitatis
378 2035 569 2064 manare.
627 2020 813 2066 Proinde
834 2033 907 2066 aut
924 2034 1095 2076 exeant,
1106 2036 1179 2069 aut
1187 2024 1283 2086 qui-

26 2078 182 2127 >escant
205 2098 216 2126 :
251 2081 382 2137 aut,s1
401 2086 440 2126 &
454 2081 501 2127 in
523 2082 628 2128 urbe
646 2088 687 2129 ἅν.
713 2084 760 2129 in
775 2084 929 2130 eadem
946 2097 1090 2131 mente
1113 2102 1289 2148 perma-

9 2140 160 2205 vfiuent,
177 2159 230 2188 ea
251 2160 346 2207 quae
362 2155 595 2201 merentur,
615 2144 872 2208 exspeftent.
940 2149 1004 2194 At
1019 2150 1154 2196 etiam
1170 2151 1282 2215 sunt,

20 2211 31 2269 ἑ
54 2252 60 2256 ,
91 2206 252 2267 uirites,
272 2208 345 2268 qui
359 2208 506 2254 dicant
521 2206 547 2254 ὲ
561 2209 685 2255 mein
699 2210 899 2257 exsilium
907 2210 1091 2270 ejeftum
1100 2212 1179 2258 effe
1197 2214 1288 2260 Ca·

8 2266 230 2331 ffilinam.
265 2269 399 2333 Qod
411 2286 497 2334 ego
513 2271 852 2335 fiverboaffequi
861 2275 1040 2335 possem,
1050 2275 1146 2321 istos
1169 2275 1291 2337 ipsos

22 2330 259 2391 tpjicerem,
276 2334 351 2395 qui
368 2335 461 2381 haec
482 2336 729 2397 loquuntur.
778 2338 934 2384 Homo
946 2337 1066 2384 enim
1081 2339 1293 2387 videlicet

24 2393 222 2526 {itiufidus
244 2400 286 2444 &
320 2398 606 2461 permodestus
639 2415 797 2510 vossem
830 2401 1025 2449 Consulis
1048 2401 1167 2449 ferrer
1196 2413 1314 2474 non-‘¹

9 2479 13 2505 1
42 2474 97 2550 ἑῆς·
766 2478 804 2528 5„
1118 2476 1303 2529 potuim„
