1437 2589
119 181 275 227 ,quem
315 166 418 213 cum
455 165 516 227 dij
557 178 685 229 atque
718 167 918 214 homines
953 169 1107 215 omnia
1134 178 1402 228 ornamenta,

138 229 447 291 congeffiss'ent,
498 242 594 276 tum
635 242 682 277 tu
719 230 810 292 ipse
846 231 1053 292 plurima,
1090 237 1133 278 δε
1174 234 1298 279 maxi
1342 283 1358 292 ,
1409 233 1417 250 ⁴

139 290 304 354 Neque
325 291 447 340 enim
476 293 507 339 s1
530 305 613 340 tuae
650 310 715 340 res
755 294 881 355 gestae
903 307 1156 342 caeterorum
1193 286 1415 356 laudibus&

138 355 449 403 obscuritatem
471 357 717 413 attulerunt,
753 358 920 404 idcirco
945 360 1029 405 Cn.
1063 360 1262 422 Pompeij
1302 372 1433 418 meg?

139 420 334 466 moriam
355 420 589 466 amisimus.
659 422 886 484 Qantum
908 438 1072 468 nomen
1114 423 1204 482 ejus
1245 424 1374 472 fuerit
1388 424 1432 481 f*

138 494 315 544 quantae
336 500 454 547 ope5‚
490 495 652 546 quanta
672 484 718 530 in
745 486 866 532 omni
890 501 1048 547 genere
1060 486 1276 536 bellorum
1298 487 1366 549 gl·
1400 523 1402 526 >

139 545 224 602 ria,
262 548 412 609 quanti
445 548 634 600 honores
657 549 809 610 populi
832 550 1044 604 Romani,
1079 551 1229 611 quanti
1262 553 1408 606 Sena-2}

141 610 230 664 tfis,
265 612 416 672 quanti
438 611 518 668 tui,
554 611 650 673 quis
674 612 851 674 ignorat
874 616 889 658 ?
925 613 1045 659 tanfi)
1061 613 1134 658 ille
1156 614 1385 676 superior·
1401 627 1409 666 ζ

141 672 310 719 vicerat
325 675 483 736 gloria,
520 686 682 736 quanto
705 687 751 721 tu
773 676 978 721 omnibus
999 677 1239 738 praestitisti.
1306 678 1330 724 I
1358 710 1364 717 .
1396 679 1408 697 ““’

141 751 228 797 que
255 738 339 783 Cn.
360 739 558 799 Pompeij
582 739 711 795 bella,
734 739 956 801 victoriaS,
987 740 1249 802 triumphos,
1277 741 1346 786 Co
1374 755 1407 797 ,‘

140 799 299 846 sulatus
337 801 600 848 admirantes
621 803 959 849 numerabamus
983 821 992 849 :
1028 815 1122 850 tuos
1143 820 1338 851 enumer

142 878 234 909 non
251 865 482 925 poffumus.
551 865 626 911 Ad
647 882 749 912 eum
771 866 908 929 igitur
921 883 997 912 rex
1021 867 1256 913 Deiotarus
1272 883 1326 913 ve
1361 867 1370 876 “

144 925 232 973 hoc
249 928 406 974 misero
428 929 636 990 fatalique
653 929 786 986 bello,
821 946 954 991 quem
976 927 1075 976 ante
1089 931 1209 990 justis
1233 930 1377 976 hostili
1406 944 1414 975 ,2

136 988 307 1053 busque
324 991 449 1038 bellis
479 993 718 1052 adjuverat,
754 1009 946 1055 quocum
965 1004 1058 1039 erat
1077 1010 1168 1040 non
1199 992 1414 1055 hospitio*

138 1052 300 1110 solum,
327 1056 484 1102 verum
506 1057 642 1103 etiam
664 1056 962 1103 familiaritate
979 1057 1250 1116 conjunctus:
1270 1062 1395 1104 &ve-

142 1117 288 1166 nitvel
304 1132 496 1182 rogatuS,
508 1133 554 1166 ut
571 1120 752 1175 amicus,
763 1121 831 1166 vel
855 1121 1080 1175 arceffitus,
1093 1134 1139 1167 ut
1148 1121 1300 1177 socius,
1323 1118 1403 1168 vel¹¹

124 1194 363 1239 evocatus,
404 1195 450 1229 ut
488 1184 523 1228 is
554 1184 629 1245 qui
653 1185 828 1231 Senatui
851 1200 1000 1246 parere
1039 1184 1282 1230 didicisset:
1319 1200 1377 1246 po

143 1247 302 1297 stremo
340 1247 460 1294 venit
489 1259 536 1293 ut
557 1247 613 1292 ad
629 1248 888 1310 fugientem,
919 1264 1008 1294 non
1028 1259 1076 1293 ut
1091 1249 1147 1294 ad
1167 1247 1396 1309 insequen-

144 1323 251 1366 tem,
287 1310 335 1356 id
360 1312 433 1366 est,
469 1311 525 1356 ad
561 1311 760 1372 periculi,
796 1327 885 1357 non
922 1312 979 1357 ad
997 1311 1192 1357 vietoriae
1220 1310 1398 1358 societa-

144 1386 251 1422 tem.
321 1375 475 1436 Itaque
498 1374 745 1421 Pharsalico
767 1375 919 1436 praelio
953 1375 1083 1430 faCto,
1119 1372 1145 1420 ὲ
1181 1374 1397 1436 Pompeio

145 1438 324 1485 disceffit
341 1455 351 1482 :
370 1438 490 1499 spem
505 1438 721 1484 infinitam
737 1438 931 1500 persequi
948 1438 1116 1484 noluit:
1138 1439 1209 1484 vel
1231 1438 1396 1494 officio,

146 1501 180 1548 fi
203 1501 311 1563 quid
346 1501 552 1547 debuerat
575 1519 588 1552 3
622 1503 692 1547 vel
713 1503 864 1558 errori,
901 1501 932 1548 fi
955 1501 1062 1563 quid
1080 1502 1303 1558 nescierat,
1335 1501 1379 1547 sa
1401 1503 1405 1536 ἶ

147 1565 369 1611 εἰεῖειᾶυηι
405 1566 486 1610 effe
520 1565 674 1611 duxit:
709 1565 894 1611 domum
929 1566 969 1611 se
1006 1565 1223 1611 contulit:
1267 1576 1406 1631 tequ

135 1628 502 1674 Alexandrinum
522 1628 687 1674 bellum
718 1639 909 1690 gerente,
945 1628 1202 1676 utilitatibus
1223 1629 1306 1674 tuis
1322 1644 1380 1690 pa
1402 1674 1412 1686 ‚y

147 1691 249 1738 ruit.
317 1692 398 1738 Ille
420 1692 662 1743 exercitum
682 1693 766 1738 Cn.
787 1692 999 1752 Domitij,
1018 1692 1267 1754 amplissimi
1290 1688 1407 1748 viri,

134 1755 232 1800 {uis
253 1756 373 1801 tectis
408 1761 450 1800 δε
471 1755 624 1817 *copiis
659 1754 935 1802 sustentavit:
969 1755 1044 1800 ille
1081 1755 1305 1817 Ephesum
1349 1771 1409 1818 ω(

134 1834 266 1873 reum,
286 1834 419 1880 quem
439 1831 486 1864 tu
501 1835 556 1864 ex
568 1819 650 1864 tuis
667 1819 969 1874 fideliffimum,
985 1823 1023 1864 δε
1033 1819 1405 1881 probatissimum,

147 1881 353 1928 omnibus
395 1882 608 1943 delegisti,
660 1883 892 1943 pecuniam
913 1883 1066 1928 mifit:
1121 1883 1195 1928 ille
1218 1883 1406 1938 iterum,

148 1944 226 1990 ille
248 1945 377 1990 tertio
400 1946 670 1991 auftionibus
687 1945 810 1991 factis
825 1946 1056 2006 pecuniam
1079 1945 1213 2001 dedit,
1238 1946 1325 2007 qua
1340 1963 1384 1992 a·
1402 1944 1409 1951 ²

149 2007 317 2054 beilum
341 2008 515 2054 utereris
543 2026 552 2053 :
587 2008 662 2053 ille
684 2024 838 2070 corpus
858 2007 980 2054 suum
1001 2009 1196 2069 periculo
1217 2009 1359 2069 objeci
1388 2017 1415 2062 ’.ε

148 2071 382 2132 tecumque
400 2072 446 2116 in
466 2071 562 2116 acie
595 2082 747 2116 contra
766 2073 1038 2117 Pharnacem
1060 2072 1156 2127 fuit,
1186 2073 1415 2134 ωὑπιςιιν,

149 2134 317 2180 hostem
338 2135 419 2179 effe
439 2134 567 2180 duxit
587 2133 722 2180 suum.
790 2135 902 2197 Quae
914 2135 1094 2197 quidem
1110 2133 1137 2180 a
1158 2146 1200 2181 te
1229 2135 1276 2181 in
1296 2150 1337 2180 e
1376 2150 1421 2196 ⁸5¹¹*

151 2211 321 2259 partem
338 2210 516 2259 accepta
536 2199 644 2254 sunt,
693 2198 746 2243 C.
770 2199 928 2254 Caesar,
953 2210 1000 2245 ut
1012 2214 1114 2245 eum
1136 2198 1383 2263 ampiiffim
1403 2192 1418 2259 ’ζ’ἱ

151 2261 291 2322 Regis
314 2261 480 2306 honore
511 2265 551 2306 δε
575 2261 754 2307 nomine
772 2261 980 2307 affeceris.
1048 2263 1092 2308 Is
1129 2261 1267 2323 igitur
1307 2262 1410 2315 now}

151 2324 285 2370 modo
299 2322 324 2370 a
348 2336 393 2370 te
410 2324 606 2385 periculo
628 2325 849 2380 liberatus,
874 2323 945 2370 sed
964 2324 1099 2370 etiam
1117 2325 1282 2371 honore
1303 2339 1418 2380 ama.

152 2388 337 2449 pliffimo
374 2399 562 2444 ornamS,
601 2388 800 2452 arguitur
832 2387 955 2436 domi
985 2400 1027 2436 te
1056 2389 1138 2436 suae
1159 2387 1400 2496 interlficffe'

1201 2466 1259 2497 vo
1277 2466 1320 2496 ui
1353 2465 1392 2498 e.
1424 2467 1428 2470 ·
