1437 2589
173 58 283 127 148
515 55 583 115 In
628 56 724 114 M.
757 55 1082 114 Antonium

159 139 238 194 ista
258 148 508 210 syngrapha
521 148 669 194 deberi
689 149 798 194 dicit
813 163 894 208 pro
909 148 963 193 iis
985 147 1126 202 rebus,
1156 161 1250 208 quae
1270 158 1391 194 erant

157 223 260 257 ante
288 211 587 274 syngrapham
632 223 904 266 recuperatae.
972 211 1083 256 Non
1115 211 1236 256 enim
1269 207 1296 256 a
1345 222 1388 257 te

158 275 298 320 emit:
333 274 404 320 sed
424 275 560 336 priuS,
583 272 716 336 quam
749 286 796 319 tu
817 272 937 320 suum
967 273 1046 320 fibi
1081 271 1302 327 venderes,
1320 274 1387 334 ip-

158 338 201 382 se
231 338 424 398 poffedit.
491 339 573 384 Ille
597 338 666 383 vir
706 337 824 388 fuit3
868 353 946 383 nos
980 336 1159 398 quidem
1195 346 1406 382 contem-·

118 454 121 457 K
160 401 306 456 nendi,
358 401 433 463 qui
475 402 695 447 auetorem
739 400 925 455 odimus,
970 401 1067 445 aEta
1098 398 1386 449 defendimus.

161 464 285 527 Qid
319 480 405 525 ego
439 464 492 510 de
513 464 839 510 commentariis
877 463 1071 517 infinitis,
1108 461 1214 524 quid
1244 462 1298 508 de
1323 462 1390 508 in-

160 528 504 573 numerabilibus
520 527 828 589 chirographis
849 526 1030 588 loquar?
1053 541 1239 586 quorum
1254 525 1390 572 etiam

160 590 402 637 imitatores
435 589 543 646 sunt,
588 591 660 652 qui
684 607 750 645 ea,
779 602 987 650 tanquam
1014 588 1306 650 gladiatorum
1339 588 1393 634 li-

160 654 315 709 bellos,
346 654 495 715 palam
509 654 745 699 venditent.
813 652 968 714 Itaque
982 651 1088 698 tanti
1105 651 1249 696 acervi
1267 668 1393 697 num-

162 733 338 762 morum
372 717 486 778 apud
506 716 633 762 istum
654 716 964 771 construuntur,
979 726 1026 761 ut
1036 715 1133 774 jam
1147 714 1392 777 appendan—
1436 720 1437 723 ’

162 793 246 835 tur,
278 796 368 825 non
409 791 702 835 numerentur,
739 779 949 840 pecuniae.
1016 781 1079 824 At
1111 780 1244 839 quam
1277 794 1392 825 caeca

163 843 347 888 avaritia
367 843 423 888 est
448 844 457 888 !
506 859 644 904 nuper
665 844 753 888 fixa
779 843 927 888 tabula
961 842 1034 897 est,
1071 844 1158 903 qua
1192 841 1392 888 civitates

164 907 496 967 locupletiffimae
523 907 792 952 Cretensium
813 905 1099 966 veffigalibus
1127 906 1390 952 liberantur:

163 970 459 1032 statuiturque,
501 966 556 1014 ne
589 969 681 1031 post
716 970 786 1015 M.
812 970 995 1015 Brutum
1015 967 1321 1015 Proconsulem
1343 967 1395 1015 fit

165 1035 299 1079 Creta
331 1032 570 1093 provincia.
637 1033 712 1078 Tu
750 1032 906 1077 mentis
928 1047 972 1076 es
989 1035 1202 1093 compos-‚³
1238 1042 1284 1077 tu
1305 1029 1394 1076 non

164 1096 556 1158 constringendus?
599 1110 657 1140 an
700 1095 877 1140 Caesaris
920 1094 1092 1139 decreto
1131 1095 1264 1140 Creta
1304 1094 1421 1154 post!

164 1161 235 1206 M.
264 1161 381 1205 Bruti
396 1159 608 1204 decessum
624 1158 766 1218 potuit
782 1157 974 1210 liberari,
1009 1155 1112 1201 cum
1136 1158 1267 1202 Creta
1280 1156 1396 1202 nihil

165 1223 221 1267 ad
256 1224 453 1277 Brut-um,
501 1221 666 1266 Caesare
702 1220 823 1275 vivo,
857 1221 1128 1280 pertineret?
1173 1221 1237 1264 At
1267 1219 1394 1278 hujus

165 1286 414 1331 venditione
449 1284 606 1330 decreti
649 1280 715 1342 (ηὲ
738 1282 849 1328 nihil
870 1283 1012 1328 anum
1029 1281 1195 1342 putetis)
1221 1282 1397 1343 provin-

158 1350 285 1394 ‘ciam
308 1350 485 1394 Cretam
508 1346 762 1408 perdidistis.
831 1344 1029 1391 Omnino
1042 1360 1173 1390 nemo
1195 1345 1320 1390 ullius
1333 1344 1395 1392 rei

166 1413 250 1458 fuit
277 1425 464 1472 emptor,
521 1410 590 1455 cui
628 1409 812 1454 defuerit
849 1409 923 1453 hic
972 1408 1184 1453 venditor.
1251 1408 1310 1452 Et
1341 1408 1395 1452 de

165 1475 381 1521 exsulibus
403 1476 564 1536 legem,
597 1489 730 1534 quam
751 1472 895 1527 fixisti,
913 1469 1053 1518 Caesar
1072 1471 1170 1516 tulit
1192 1475 1207 1516 ?
1238 1469 1397 1516 nullius

167 1538 351 1585 insedtor
365 1537 662 1584 calamitatem
685 1553 695 1581 ε
731 1548 899 1581 tantum
920 1549 1090 1595 queror,
1109 1532 1302 1595 primum
1324 1549 1397 1578 eo-

169 1619 266 1647 rum
287 1601 442 1647 reditus
462 1599 722 1662 inquinatos,
757 1614 942 1660 quorum
963 1596 1135 1642 causam
1149 1596 1397 1642 diffimilem

171 1665 312 1711 Caesar
339 1663 627 1723 judicaverit:
663 1662 820 1707 deinde
835 1659 979 1706 nescio
992 1676 1067 1705 cur
1081 1659 1255 1723 reliquis
1278 1659 1398 1705 idern

168 1745 257 1775 non
278 1729 439 1774 tribuas
459 1745 469 1772 :
498 1742 643 1788 ,neque
664 1725 785 1773 enim
807 1724 899 1785 plus
917 1721 1049 1785 quam
1075 1735 1172 1777 tres,
1202 1735 1275 1768 aut
1295 1738 1398 1782 qua-

169 1805 267 1838 tuor
291 1791 445 1854 reliqui
482 1790 588 1835 sunt.
624 1790 698 1850 qui
722 1788 768 1833 in
791 1786 920 1832 fimili
942 1786 1191 1832 calamitate
1224 1785 1398 1840 fuerint,

170 1872 247 1900 cur
280 1856 352 1901 tufi
391 1852 689 1899 misericordi-51
734 1850 863 1896 simili
907 1866 996 1895 non
1038 1850 1271 1894 fruuntur?
1324 1863 1400 1893 cur

169 1935 241 1964 eos
263 1919 396 1963 habes
420 1918 464 1962 in
502 1917 600 1963 loeo
626 1915 806 1976 patrui?
849 1913 901 1958 de
924 1929 1009 1973 quo
1047 1912 1172 1966 ferre,
1212 1912 1315 1956 cum
1349 1910 1403 1954 de

171 1981 342 2042 reliquis
361 1980 505 2034 serres,
543 1977 711 2024 noluisti
739 1996 748 2023 :
783 1993 915 2037 quem
928 1975 1061 2021 etiam
1084 1975 1139 2019 ad
1163 1974 1402 2020 Censuram

169 2044 404 2108 petendam
426 2041 651 2104 impulisti,
690 2056 873 2100 eamque
894 2038 1153 2100 petitionem
1176 2035 1404 2097 compara-

172 2110 238 2164 sti,
270 2123 365 2170 quae
404 2111 442 2152 δε
486 2105 589 2151 risus
627 2104 861 2148 hominum
897 2106 937 2147 Sc
976 2100 1168 2162 querelas
1192 2110 1426 2145 moveret..

175 2173 266 2218 Cur
299 2183 443 2216 autem
459 2185 511 2213 ea
532 2166 712 2213 comitia
734 2182 819 2211 non
844 2165 1028 2210 habuisti
1053 2168 1069 2210 ἓ
1090 2179 1160 2225 an
1181 2163 1284 2224 quia
1299 2161 1427 2226 Tri-s·2

173 2236 311 2281 hunus
335 2233 472 2295 plebis
496 2231 705 2277 sinistrum
728 2228 892 2274 fulmen
909 2226 1142 2272 nunciabat
1165 2229 1181 2272 ?
1215 2226 1318 2270 cum
1332 2224 1428 2291 mat}

174 2298 282 2360 quid
318 2296 500 2348 interest,
538 2294 655 2339 nulla
689 2291 879 2353 auspicia
920 2291 1046 2335 sunt:
1093 2289 1196 2335 cum
1212 2299 1425 2356 tuorumq-

174 2374 268 2411 tum
282 2359 332 2406 sis
350 2357 606 2422 religiosus?
645 2355 779 2418 quid?
817 2353 1002 2401 eundem
1024 2353 1071 2398 in
1085 2351 1426 2418 Septemviratu5

1263 2425 1406 2458 nonne
