1437 2589
123 121 205 176 24
484 103 1029 164 ORATIO

117 204 307 266 inquies,
362 204 554 267 gloriam
599 221 812 268 magnam
848 206 1144 268 relinquemus
1169 210 1184 253 ?
1242 207 1384 254 immo

120 268 224 315 vero
247 269 360 323 aliis,
396 269 599 330 quamvis
632 270 794 325 multis,
832 268 929 315 satis
954 288 968 321 ‚-
1003 269 1085 316 tibi
1113 271 1187 316 uni
1211 287 1381 332 parum.

121 331 353 396 Qidquid
386 333 507 378 enim
535 333 608 388 est,
645 332 845 395 quamvis
868 334 1067 395 amplum
1097 334 1162 390 fit,
1203 334 1248 380 id
1271 331 1386 381 certe

119 412 278 460 parurn
299 396 358 441 est
377 409 487 452 tum,
522 397 627 443 cum
648 397 705 442 est
727 396 895 458 aliquid
927 397 1131 457 amplius.
1199 396 1333 460 Qod
1353 397 1385 444 fi

117 476 264 507 rerum
285 473 456 506 tuarum
475 460 811 515 immortalium,
850 461 904 506 C.
931 461 1088 516 Caesar,
1126 459 1202 506 hie
1239 461 1382 507 exitus

117 525 282 570 futurus
305 524 403 580 fuit,
438 536 499 580 ut,
537 524 717 570 devictis
740 522 1012 579 adversariis,
1037 523 1235 586 rempub.
1262 524 1309 571 in
1329 541 1384 572 eo

119 589 226 634 statu
243 588 518 650 relinqueres,
555 587 602 634 in
624 604 711 650 quo
728 603 843 634 nunc
863 588 920 633 est
939 604 952 638 3
987 588 1105 642 vide,
1129 586 1286 650 quaeso,
1328 604 1384 635 ne

119 665 193 699 tua
235 652 388 698 divina
428 651 566 698 virtus
599 650 904 697 admirationis
945 650 1039 712 plus
1077 651 1127 697 fit
1160 650 1381 707 habitura,

118 713 253 778 quzim
287 715 468 778 gloriae:
503 715 732 776 Siquidem
754 714 898 775 gloria
934 714 993 760 est
1022 713 1193 761 illustris
1215 731 1266 760 ac
1289 730 1384 775 per-

119 792 283 842 vagata
292 780 536 826 multorum
553 783 594 824 ἃ
632 793 909 839 magnorum
932 778 1002 823 vel
1026 778 1073 823 in
1095 777 1187 824 suos
1220 777 1383 841 [cives]

119 847 192 890 vel
210 845 256 889 in
278 842 578 906 patriam‚-vel
615 842 662 888 in
696 858 827 888 omne
852 857 988 904 genus
1012 841 1246 887 hominum
1261 842 1382 889 fama

118 907 394 955 meritorum.
461 907 574 953 Haec
594 907 728 969 igitur
752 906 834 952 tibi
857 905 1024 966 reliqua
1055 922 1152 967 pars
1175 906 1270 951 est:
1303 906 1382 952 hic

119 973 379 1018 1·estata&us
399 989 409 1016 ε
445 969 492 1017 in
514 970 600 1016 hoc
629 969 943 1017 elaborandum
963 969 1036 1023 est,
1054 980 1101 1014 ut
1121 984 1260 1029 remp.
1279 985 1383 1015 con-

118 1036 282 1091 stituae,
316 1035 453 1097 ezique
486 1047 531 1080 tu
555 1034 602 1079 in
639 1033 793 1096 primis
828 1049 931 1079 cum
953 1032 1122 1079 summai
1142 1032 1385 1094 tranquilli-

120 1112 208 1147 tate
228 1104 268 1145 δε
292 1100 384 1147 otio
398 1098 650 1160 perfruar-e:
686 1099 856 1151 tumst,
896 1096 929 1142 fi
951 1096 1085 1151 voleS,
1122 1096 1226 1142 cum
1244 1100 1282 1141 δε
1306 1112 1382 1158 pa-

119 1164 231 1220 triae,
267 1163 386 1225 quod
408 1162 553 1218 debeS,
577 1160 770 1216 solveris,
796 1165 836 1206 δε
867 1172 1066 1206 naturam
1082 1159 1221 1221 ipsam
1236 1160 1379 1221 exple-

121 1229 236 1277 xseris
284 1227 476 1274 satietate
518 1225 714 1281 vivendi,
764 1224 861 1270 satis
905 1223 981 1269 diu
1031 1223 1184 1269 vixisse
1228 1223 1379 1269 dicito.
1436 1259 1437 1272 ¹

123 1292 248 1355 Qud
274 1290 481 1338 ‹est-enim
503 1290 686 1336 omnino
729 1288 815 1334 hoc
853 1287 996 1350 ipsum
1017 1287 1108 1342 diu,
1145 1287 1192 1332 in
1214 1303 1301 1349 quo
1321 1287 1380 1332 est
1436 1281 1437 1327 ἒ

120 1356 295 1418 aliquid
315 1367 576 1408 extremum,
602 1352 720 1415 quod
741 1368 843 1397 cum
864 1351 1046 1405 venerit,
1065 1350 1209 1396 omnis
1231 1351 1382 1413 volup-
1436 1341 1437 1358 ¹

123 1434 187 1467 tas
212 1419 427 1482 praeterita
443 1434 523 1480 pro
540 1417 684 1464 nihilo
700 1416 774 1471 est,
810 1415 914 1477 quia
934 1415 1079 1476 postea
1095 1414 1213 1461 nulla
1240 1413 1383 1459 futura

124 1484 175 1530 fit
194 1489 209 1531 ?
248 1485 521 1548 Qanquam
554 1481 629 1527 iste
665 1493 759 1527 tuus
782 1479 953 1524 animus
976 1494 1199 1540 nunquam
1221 1477 1290 1523 his
1309 1493 1383 1522 an-

122 1549 290 1610 gustiis,
327 1564 431 1609 quas
449 1557 600 1591 natura
618 1543 824 1590 nobis-ad
838 1543 1077 1588 vivendum
1103 1541 1236 1596 dedit,
1281 1556 1383 1586 con-

124 1624 263 1659 tentus
287 1611 397 1658 suit:
431 1608 598 1670 semper
631 1606 972 1654 immortalitatis
990 1621 1138 1651 amore
1155 1604 1379 1665 flagravit.

123 1676 230 1722 Nec
251 1674 356 1721 vero
379 1675 471 1719 haec
492 1685 567 1719 tua
587 1672 680 1718 vita
700 1670 985 1725 dicenda-est,
1022 1685 1117 1730 quae
1139 1683 1321 1730 corpore
1340 1672 1382 1713 δε

122 1738 276 1800 spiritu
299 1739 574 1785 continetur:
611 1736 710 1790 Illa,
746 1734 944 1795 inquam,
982 1733 1059 1778 illa
1095 1732 1188 1777 vita
1208 1731 1265 1777 est
1290 1742 1379 1786 tua,

126 1803 287 1857 Caesar,
322 1819 418 1864 quae
460 1800 633 1862 vigebit
654 1797 869 1845 memoria
889 1796 1128 1843 seculorum
1162 1794 1379 1847 omnium,

124 1883 261 1928 quam
291 1865 510 1928 posteritas
545 1864 644 1918 alet,
681 1878 815 1924 quam
847 1861 940 1922 ipsa
973 1860 1185 1906 aeternitas
1215 1857 1384 1919 semper
1418 1870 1421 1873 ·

126 1931 329 1976 tuebitur.
397 1928 520 1975 Huic
542 1927 821 1981 tuinservias,
855 1924 958 1970 huic
980 1936 1022 1970 te
1055 1923 1233 1969 ostentes
1256 1937 1383 1983 opor-

125 2008 186 2040 tet
212 2012 221 2040 ε
257 2010 352 2056 quae
374 1992 566 2054 quidem,
592 2007 688 2053 quae
703 1987 1008 2047 miretur‚jam
1040 1987 1213 2048 pridem
1244 1985 1386 2031 multa

125 2058 260 2103 habet
279 2075 292 2109 3
327 2072 456 2110 nunc,
481 2055 616 2100 etiam
631 2070 727 2115 quae
743 2052 903 2107 laudet,
927 2050 1159 2112 exspectat.
1229 2048 1383 2094 Obstu-

124 2122 298 2183 poscent
315 2120 469 2182 posteri
500 2115 614 2165 certe
631 2117 833 2178 imperia,
869 2114 1133 2176 provincias,
1156 2112 1381 2166 Rhenum,

127 2187 373 2238 Oceanum,
399 2183 577 2237 Nilum,
613 2197 781 2243 pugnas
811 2178 1165 2232 innumerabiles,
1202 2175 1410 2227 incredi-,ss

125 2249 235 2295 biles
277 2247 498 2301 victorias,
548 2255 846 2299 monumenta,
895 2257 1091 2296 munera,
1137 2238 1384 2299 triumphos
1418 2241 1421 2248 “

126 2312 347 2357 audientes
367 2316 406 2356 Sc
434 2311 623 2372 legentes
646 2321 756 2354 tuos.
823 2306 924 2361 Sed,
942 2349 946 2352 ,
961 2305 1040 2351 nisi
1062 2305 1156 2350 haec
1185 2302 1285 2348 urbs
1307 2301 1386 2346 sta-
1402 2299 1423 2346 ἒ

126 2376 253 2421 bilita
271 2375 353 2421 tuis
371 2374 558 2420 consiliis
584 2378 624 2418 «Sc
647 2371 845 2418 institutis
870 2370 969 2425 erit,
988 2367 1224 2430 vagabitur
1249 2362 1423 2432 modo-«3¹33

126 2455 289 2487 nomen
310 2450 434 2489 tuum
454 2432 588 2502 long&
617 2448 746 2501 atque
775 2431 861 2484 lat&
875 2452 890 2489 3
925 2432 1068 2485 sedem
1089 2429 1425 2542 qumwgff’tass}

1279 2499 1410 2542 ueni-'v'
