1437 2589
155 99 238 157 80
519 92 577 154 O
622 95 680 156 R
725 97 783 154 A
829 95 888 153 Τ
936 95 962 155 I
1009 94 1066 152 O

134 206 224 238 non
247 201 340 236 tam
361 187 510 236 ulcisci
543 189 704 246 studeo,
739 185 875 251 quam
897 189 1058 244 sanare,
1096 192 1137 234 &
1159 187 1273 250 ipsos
1295 188 1388 250 pla-

132 269 233 301 care
253 252 536 315 reipublicae:
570 268 727 314 neque,
764 253 811 298 id
845 268 977 314 quare
1011 251 1104 298 fieri
1126 267 1215 298 non
1248 253 1385 314 poffit,

133 317 167 364 fi
189 327 261 363 me
289 316 441 363 audire
460 316 694 371 voluerint,
725 315 942 378 intelligo.
1009 315 1245 377 Exponam
1266 315 1388 361 enim

133 380 279 436 vobis,
304 379 515 443 Qirites,
537 394 594 425 ex
616 379 772 442 quibus
798 378 1028 441 generibus
1045 379 1280 424 hominum
1301 378 1388 424 istae

131 443 275 504 copiae
315 452 651 505 comparentur:
707 442 863 488 deinde
905 441 1083 503 singulis
1118 441 1388 488 medicinam

133 506 302 567 confilij
321 517 449 568 atque
484 505 694 552 orationis
716 521 842 561 meae,
877 504 909 551 fi
932 520 1064 567 quam
1086 515 1255 567 potero,-
1287 503 1387 550 affe-

132 577 244 616 ram.
315 570 472 617 Unum
494 583 629 632 genus
645 569 703 614 est
729 584 898 624 eorum,
935 568 1010 630 qui
1032 583 1201 629 magno
1235 568 1282 614 in
1303 583 1387 613 aere

131 633 280 680 alieno
311 632 498 692 majores
529 630 666 678 etiam
685 632 949 694 posseffiones
965 631 1131 677 habent
1153 649 1167 682 ;
1202 646 1394 693 quarum

132 710 286 745 amore
308 695 498 751 adducti,
536 695 706 741 diffolvi
728 694 848 741 nullo
884 694 1018 741 modo
1040 695 1219 755 pofl‘unt.
1287 694 1386 740 Ho-

134 767 233 806 ‘rum
264 759 499 806 hominum
515 757 676 820 species
698 759 757 805 est
783 757 1102 807 honestissimam
1147 758 1240 802 sunt
1263 757 1385 803 enim

132 822 368 884 locupletes
392 839 403 868 2
432 822 632 868 voluntas
653 821 772 878 vero,
797 825 839 867 δε
861 821 985 867 causa
1001 820 1381 881 impudentiffima.

131 886 210 933 Tu
231 887 366 948 agris,
392 896 439 948 tu
459 885 670 940 aedificiis,
705 896 752 931 tu
788 895 987 946 argento,
1033 895 1078 929 tu
1108 883 1294 937 familia,
1339 894 1390 929 tu-
1436 927 1437 930 ,

131 949 258 996 rebus
280 948 485 996 omnibus
522 959 695 994 ornatus
731 951 772 993 δε
809 946 1006 1010 copiosus
1043 946 1111 1001 slS,
1153 950 1193 991 δε
1216 945 1384 991 dubites

131 1012 302 1075 aliquid
323 1012 377 1057 de
394 1012 635 1074 poss'effione
652 1011 891 1066 detrahere,
912 1026 964 1056 ac
979 1009 1110 1056 fidem
1124 1009 1346 1070 acquirere
1367 1012 1383 1053 ἴ

133 1076 257 1138 Qid
293 1076 415 1121 enim
455 1075 708 1136 exspeflas?
761 1074 961 1120 bellum?
1009 1073 1155 1134 quid?
1189 1087 1297 1134 ergo
1337 1073 1391 1117 in-

130 1138 366 1185 vastatione
408 1138 626 1193 omnium,
665 1149 758 1183 tuas
795 1137 1058 1198 poss'effiones
1102 1134 1382 1181 sacrosan&as

129 1202 294 1249 futuras
316 1214 439 1264 putas
463 1206 478 1248 ?
515 1217 571 1247 an
593 1200 761 1247 tabulas
792 1214 928 1246 novas
952 1203 967 1246 ?
1002 1209 1161 1254 errant,
1187 1198 1262 1259 qui
1285 1198 1380 1243 istas

107 1263 161 1313 ’ὲ
176 1265 371 1312 Catilina
391 1265 653 1327 exspectant.
721 1263 832 1310 Meo
841 1263 1067 1308 beneficio
1084 1262 1242 1307 tabulae
1256 1275 1381 1306 novae

126 1329 430 1391 proferentur-3
489 1327 643 1373 verum
698 1327 988 1372 auclionariae.
1059 1325 1221 1386 Neque
1255 1324 1380 1370 enim·

128 1393 214 1448 isti,
249 1392 325 1455 qui
348 1391 611 1453 poffeffiones
633 1389 814 1444 habent,
854 1389 941 1435 alia
963 1388 1131 1434 ratione
1163 1386 1252 1433 ulla
1272 1386 1378 1432 salvi

127 1456 210 1503 effe
230 1456 413 1517 poss'unt.
530 1452 616 1498 uod
651 1452 684 1498 si
726 1452 936 1499 maturius
959 1451 1100 1497 facere
1135 1450 1376 1505 voluissent,

126 1535 268 1581 neque
294 1518 354 1580 (id
385 1517 503 1579 quod
557 1515 806 1562 ultiffimum
827 1515 899 1575 est)
938 1525 1101 1560 certare
1123 1528 1225 1559 cum
1247 1513 1379 1559 usuris

127 1582 336 1629 fruffibus
357 1580 639 1643 praediorum,
673 1577 1032 1639 locupletioribus
1054 1576 1124 1621 his
1155 1581 1196 1622 &
1225 1576 1378 1622 melio-

126 1646 246 1691 ribus
263 1644 433 1692 civibus
456 1655 686 1689 uteremur.
754 1641 839 1689 Sed
861 1640 990 1687 hosce
1023 1639 1225 1686 homines
1246 1639 1378 1686 mini-

127 1706 201 1755 me
221 1720 327 1770 puto
343 1705 720 1770 pertimescendos,
756 1704 873 1766 quod
910 1716 984 1751 aut
1020 1703 1175 1749 deduci
1198 1703 1253 1749 de
1288 1701 1375 1749 sen-

126 1773 264 1819 tentia
292 1772 478 1833 possunt.
502 1781 575 1814 aut
598 1768 629 1813 fi
651 1755 1155 1829 permanebuntsmagis
1176 1765 1290 1812 mihi
1312 1766 1376 1812 vi-

126 1836 283 1882 dentur
301 1846 405 1880 vota
425 1832 579 1879 faciuri
601 1842 752 1878 contra
773 1831 988 1891 rempubl.
1023 1830 1158 1891 quam
1173 1845 1297 1875 arma
1316 1830 1388 1881 la->

124 1898 224 1945 turi.
293 1898 496 1943 Alterum
538 1910 673 1957 genus
716 1894 775 1939 est
806 1909 974 1948 eorum,
1014 1894 1089 1955 qui
1126 1908 1376 1954 quanquam

123 1971 377 2023 premuntur
413 1974 495 2005 aere
533 1959 692 2011 alieno,
728 1956 1077 2003 dominationem
1119 1967 1267 2002 tamen
1300 1971 1378 2002 ex-

68 2027 80 2037 ”
121 2026 314 2086 speciant
350 2040 359 2068 :
414 2037 559 2068 rerum
597 2020 730 2082 potiri
772 2021 960 2066 voluntz
1011 2019 1213 2073 honores,
1268 2032 1377 2080 quos

113 2088 272 2150 ‚quieta
289 2084 518 2147 republica
540 2085 776 2146 desperant,
818 2081 1065 2144 perturbata
1098 2081 1300 2143 consequi
1333 2082 1378 2128 se

120 2152 236 2212 poffe
273 2150 548 2195 arbitrantur.
617 2147 788 2210 Qubus
825 2147 912 2191 hoc
945 2145 1289 2206 praecipiendum
1309 2144 1374 2190 vi-

119 2215 259 2269 detur,
296 2229 431 2258 unum
453 2211 616 2257 scilicet
639 2216 678 2256 δι
698 2211 817 2255 idem
831 2209 949 2271 quod
971 2208 1133 2255 caetei·is
1148 2207 1372 2264 omnibus,

121 2289 167 2322 ut
188 2276 424 2337 desperent,
449 2275 492 2320 se
522 2274 583 2328 id,
610 2274 726 2334 quod
748 2285 974 2327 conantur,
999 2270 1202 2333 consequi
1225 2270 1340 2331 poss‘e
1360 2284 1374 2316 t

122 2340 320 2386 Primum
343 2338 542 2384 omnium
567 2336 778 2398 meipsum
803 2336 1007 2397 vigilare,
1032 2335 1185 2389 adesse,
1225 2332 1371 2394 provi·-
1409 2347 1413 2350 ’

121 2404 220 2451 dere
237 2401 424 2463 reipubl,
449 2400 605 2450 deinde
628 2414 814 2465 magnos
849 2399 1019 2449 animos
1052 2398 1133 2449 effe
1162 2398 1210 2445 in
1243 2395 1372 2466 bonis

1244 2474 1374 2516 viris,
