1437 2589
130 120 246 181 Pro
274 121 604 181 T.·ANN1
632 142 669 181 0
695 121 1037 181 Mnom.
1150 135 1267 191 229

46 211 198 257 omnia
220 211 406 272 denique
427 227 524 273 quae
539 211 665 258 sunt'
651 212 928 258 inventionis.
996 213 1051 258 In
1063 211 1268 271 eloquen-

47 273 106 318 do
121 273 180 319 est
198 274 344 333 aliqua
358 274 609 319 diversitas·
597 305 610 324 ‚
634 274 804 320 densior
819 274 908 329 ille,
927 273 1002 318 hic
1023 273 1264 334 copiofior:

42 333 116 379 ille
145 334 364 381 concludit
378 335 637 389 adstrictius,
670 336 747 381 hic
768 335 894 381 latius
918 348 1119 397 pugnat·
1135 335 1208 380 ille
1222 351 1268 380 a·

39 396 220 442 cumine
249 397 430 458 semper,
486 397 561 442 hic
597 397 843 468 frequenter
876 402 917 443 &
954 397 1168 457 pondere:
1199 396 1264 442 illi

43 458 158 502 nihil
187 459 355 512 detrahi
379 459 527 519 potest,
562 459 669 504 huic
700 459 813 504 nihil
835 459 1000 518 adjici:
1036 474 1148 504 curae
1170 460 1265 518 plus

42 518 87 564 in
108 515 259 575 illo,·
246 537 293 572 m
330 476 417 566 hope
458 533 634 567 naturae.
703 521 871 569 Salibus
909 518 1039 574 certe,
1075 525 1114 566 &
1139 536 1258 565 com-

41 581 122 639 mi
110 581 314 629 eratione
331 583 422 644 (qui
442 583 527 627 duo
543 582 779 642 plurimum
801 584 972 627 affeous
990 582 1148 652 valent)
1168 581 1264 628 vin·

38 644 190 689 cimus.
247 646 304 690 Et
339 645 506 690 fortass‘e
542 644 742 706 epilogos
770 644 834 689 illi
857 661 951 690 mos
974 644 1162 690 civitatis
1187 645 1262 689 ab·

41 706 230 752 stulerit:
266 705 338 752 sed
362 711 403 752 δε
425 706 552 752 nobis
569 706 642 752 illa
663 723 759 767 quae
781 707 920 752 Attici
935 706 1164 760 mirantur,
1198 706 1264 751 di-

39 767 160 813 versa
200 768 365 814 Latinis
419 768 624 814 sermonis
677 769 790 813 ratio
831 769 974 813 minus
1004 767 1257 828 permiserit.

39 830 94 875 In
115 830 301 890 epistolis
343 830 539 891 quidem,
595 846 846 891 quanquam
888 829 982 875 sunt
1022 829 1257 890 utriusque,

37 891 154 936 nulla
183 893 412 938 contentio
440 892 515 938 est.
581 893 836 938 Cedendum
868 891 1032 938 veroin
1057 894 1146 937 hoc
1165 892 1261 952 qui-

41 952 160 1009 dem,
197 954 314 1014 quod
350 954 424 1000 ille
469 959 511 1000 &
532 954 652 1014 prior
685 954 784 1009 fuit,
819 958 931 1000 &ex
954 953 1115 1015 magni
1136 964 1262 1013 parte

37 1016 318 1071 Ciceronem,
352 1026 535 1077 quantus
557 1017 631 1071 est,
665 1016 784 1062 fecit.
826 1032 932 1062 nam
953 1016 1068 1061 mihi
1089 1015 1261 1060 videtur

36 1077 109 1123 M.
128 1078 317 1133 Tullius,
337 1079 439 1124 cum
459 1077 501 1123 se
529 1088 672 1123 totum
692 1078 749 1124 ad
769 1078 1062 1125 imitationem
1078 1078 1262 1124 Graeco·

34 1153 134 1185 rum
163 1142 418 1196 contuliffet,
473 1140 678 1186 effinxisse
699 1141 795 1185 vim
831 1139 1152 1193 Demosthenis,
1187 1155 1260 1185 co·

35 1201 158 1261 piam
179 1202 385 1257 Platonis,
415 1202 732 1262 jucunditatem
753 1202 972 1249 Isocratis.
1040 1203 1143 1247 Nec
1155 1201 1260 1247 νει-ὀ

35 1264 195 1323 quod
182 1280 228 1310 m
250 1281 420 1325 quoque
457 1264 677 1325 optimum
712 1264 808 1320 fuit,
843 1265 979 1310 studio
1012 1263 1261 1309 consecutus

35 1325 94 1368 est
113 1327 314 1376 tantum3
348 1327 420 1372 sed
436 1327 659 1386 plurimaS,
693 1327 764 1372 vel
792 1327 934 1397 potius
957 1341 1105 1371 omnes
1137 1339 1193 1369 ex
1216 1324 1258 1369 se

34 1385 130 1446 ipso
150 1388 326 1434 virtutes
347 1388 502 1433 extulit
536 1389 796 1432 immortalis
827 1387 996 1448 ingenii
1021 1385 1257 1432 beatissimfl

35 1448 246 1494 ubertate.
335 1450 445 1494 Non
483 1450 603 1495 enim
639 1449 808 1508 pluvias
854 1453 914 1508 (ut
944 1449 1007 1494 ait
1032 1448 1256 1506 Pindarus)

34 1514 165 1571 aquas
194 1510 382 1571 colligit,
418 1509 487 1554 sed
522 1511 627 1556 vivo
670 1510 843 1579 gurgite
865 1510 1086 1554 exundat:
1137 1508 1255 1577 dono

31 1572 224 1630 quodam
265 1571 552 1641 providentiae·
582 1573 766 1632 genitus,
815 1572 858 1615 in
894 1587 979 1640 quo
1013 1581 1130 1616 totas
1143 1570 1203 1615 vi
1194 1584 1256 1614 es

29 1633 114 1677 suae
134 1633 382 1694 eloquentia
403 1633 684 1693 experiretur.
753 1634 877 1678 Nam
899 1649 993 1692 quls
1016 1633 1169 1677 docere
1191 1631 1257 1680 di·

31 1695 255 1754 ligendus,
292 1711 468 1739 movere
505 1694 804 1740 vehementius
838 1695 1010 1754 potest?
1048 1693 1115 1738 cui
1139 1704 1258 1738 tanta

32 1772 227 1827 unquam
245 1756 487 1815 jucunditas
527 1757 664 1809 affuit,
707 1768 752 1801 ut
782 1757 873 1816 ipsa
894 1756 967 1800 illa
985 1771 1079 1815 quae
1111 1766 1256 1799 extor-

33 1830 152 1878 quet,
196 1818 430 1878 impetrare
459 1835 562 1864 eum
583 1818 744 1872 credas,
791 1823 831 1863 δε
849 1833 951 1863 cum
973 1817 1257 1862 transvenum

32 1880 78 1925 vi
101 1880 174 1925 sua
191 1881 385 1939 judicem
407 1880 530 1935 ferat,
566 1892 710 1924 tamen
734 1879 806 1925 ille
824 1896 912 1924 non
928 1880 1022 1940 rapi
1041 1878 1253 1932 videatur,

33 1941 104 1987 sed
126 1941 197 2003 seq
199 1943 260 1987 ui.
329 1943 456 2003 Jam
446 1959 491 1987 m
506 1943 708 1987 omnibus
725 1957 820 2001 quae
833 1942 952 1996 dicit,
976 1953 1096 1986 tanta
1110 1941 1255 1985 aufto-

0 2018 5 2024 *
30 2004 132 2049 ritas
146 2005 267 2059 inest,
306 2016 354 2049 ut
387 2004 599 2050 dissentire
622 2004 815 2063 pudeat3
856 2019 934 2049 nec
954 2004 1037 2048 adv
1040 2003 1151 2048 ocati
1176 2002 1257 2045 stu

30 2066 170 2117 dium.
204 2040 275 2112 sed
317 2067 428 2112 testis
464 2078 538 2111 aut
553 2066 712 2125 judicis
748 2066 897 2110 afferat
924 2065 1255 2117 fidem.Tu1n

31 2128 206 2173 interim
245 2129 340 2173 haec
373 2128 538 2181 omnia,
585 2144 681 2187 quae
716 2127 795 2171 vix
833 2127 997 2187 fingula
1029 2126 1254 2186 quisquam

32 2189 308 2235 intentiffima
329 2205 432 2234 cura
450 2190 647 2249 consequi
672 2189 818 2249 postet,
839 2189 976 2233 fluunt
1000 2188 1253 2232 illaborata:

33 2250 205 2305 scilla,
233 2267 320 2312 qua
340 2252 451 2296 nihil
486 2251 703 2311 pulchrius
725 2251 873 2296 auditu
894 2251 966 2304 est,
1001 2249 1142 2293 oratio
1164 2263 1253 2307 prae

33 2310 75 2358 se
90 2312 174 2360 fert
200 2324 348 2360 tamen
363 2313 650 2359 felieiffimam
670 2311 935 2358 facilitatem.
1002 2312 1148 2380 Qare
1165 2325 1260 2419 ηοξ,

76 2399 80 2402 ’
1034 2373 1206 2418 immeri
