1437 2589
104 200 162 230 ex
193 196 250 239 te,
289 183 447 240 Caesar,
489 185 689 232 audivit?
731 197 807 232 aut
839 198 917 234 tua
953 186 1063 250 quid
1095 187 1214 235 aliud
1231 205 1367 249 ,arma

105 247 351 303 voluerunt-3
386 248 467 294 nis1
490 246 517 294 ἐ.
546 261 590 295 te
606 250 922 298 contumeliam
936 252 1184 314 propulsare
1209 258 1225 300 ?
1260 255 1368 316 quid

106 311 201 373 egit
223 322 319 358 tuus
353 312 427 358 ille
458 313 644 359 invictus
666 315 896 370 exercituS,
941 315 1023 362 nifi
1061 327 1107 362 ut
1144 316 1266 362 suum
1298 318 1366 377 jus

105 386 310 430 tueretur,
358 380 398 422 δι
421 376 686 438 dignitatem
707 389 829 424 tuam
848 382 865 425 ?
899 379 1007 441 quid
1030 383 1045 426 ?
1086 391 1149 435 tu,
1173 380 1276 426 curn
1293 397 1370 443 pa-

105 452 206 484 cem
253 439 333 484 effe
392 441 617 501 cupiebas,
679 441 780 487 idne
820 443 997 504 agebas,
1051 454 1098 489 ut
1139 443 1222 490 tibi
1265 460 1369 491 cum

104 501 338 557 sceleratis,
403 520 458 549 an
515 516 560 550 ut
617 520 724 551 cum
780 504 906 552 bonis
973 506 1145 553 civibus
1209 522 1369 554 conve-

106 565 261 612 niret?
317 566 441 613 Mihi
480 568 600 624 vero,
655 568 817 624 Caesar‚
865 580 939 615 tua
972 570 1019 615 in
1056 586 1128 615 me
1167 572 1370 617 maxima

85 630 265 684 ,merita
293 641 416 677 tanta
452 628 568 677 certe
591 648 681 678 non
703 632 968 688 viderentur,
1002 633 1034 679 fi
1057 650 1129 679 me
1164 646 1210 679 ut
1244 635 1369 680 scele-

104 704 251 739 ratum
273 692 299 739 εὶ
342 705 386 740 te
424 695 726 741 conservatum
751 707 963 756 putarem.
1034 698 1273 760 Qomodo
1296 715 1369 743 au-

104 766 197 802 tem
215 768 262 802 tu
284 757 337 803 de
360 774 450 819 rep.
488 759 598 805 bene
623 759 800 805 meritus
829 761 947 815 effeS,
983 759 1016 805 fi
1051 772 1114 806 tot
1142 759 1369 807 sceleratos
1397 800 1399 805 .

104 818 319 866 incolumi
341 821 558 884 dignitate
581 823 659 868 effe
681 822 911 870 voluiffes?
945 825 1228 870 Seceflionem
1249 836 1296 870 tu
1318 826 1371 871 il-

104 883 198 930 lam
219 884 538 939 existimavisti‚
576 885 735 941 C'aesar,
773 887 919 942 initio,
954 903 1045 932 non
1067 888 1230 933 bellum
1241 906 1254 939 3
1279 906 1369 936 non

104 947 259 994 hostile
298 949 466 1004 odium,
502 947 574 995 sed
595 949 727 995 civile
757 950 990 1005 diffidium,
1026 951 1214 1011 utrisque
1249 953 1371 1014 cupi-

105 1011 279 1057 entibus
302 1012 520 1074 rempubl.
557 1012 739 1068 salvam,
774 1012 846 1059 sed
862 1015 1026 1075 partim
1043 1015 1248 1070 confiliiS,
1272 1031 1370 1076 par-

103 1074 188 1121 tim
211 1075 356 1120 studiis
375 1074 401 1121 εὶ
417 1078 644 1122 communi
662 1077 848 1122 utilitate
863 1077 1193 1125 aberrantibus?
1247 1079 1369 1126 Prin-

105 1139 259 1200 cipum
278 1138 471 1202 dignitas
495 1152 588 1186 erat
611 1138 722 1201 pene
739 1157 818 1201 par
835 1158 850 1193 3
886 1158 975 1187 non
1012 1157 1093 1202 par
1114 1141 1282 1188 fortass'e
1299 1159 1371 1189 eo-

106 1218 221 1258 rum,
259 1204 334 1264 qui
358 1202 673 1265 sequebantur:
709 1204 835 1249 cau-sa
857 1216 951 1250 tum
968 1204 1117 1259 dubia,
1142 1205 1259 1266 quod
1278 1218 1372 1253 erat

107 1266 280 1327 aliquid
297 1267 344 1312 in
366 1278 548 1328 utraque
563 1279 701 1328 parte,
727 1268 846 1330 quod
867 1268 1044 1330 probari
1069 1269 1231 1329 poffet:
1255 1285 1370 1316 nunc

106 1330 266 1375 melior
300 1328 414 1377 certe
432 1347 484 1376 ea
511 1331 750 1390 judicanda
779 1332 852 1386 est,
888 1348 1024 1393 quam
1045 1333 1180 1378 etiam
1204 1332 1264 1392 dij
1298 1333 1372 1379 ad-

102 1393 310 1452 juverint.
383 1394 579 1455 Cognitfi
611 1394 714 1440 vero
758 1395 990 1442 clementi&
1024 1396 1114 1452 tuit,
1150 1396 1244 1458 quis
1279 1413 1371 1442 non

106 1473 208 1503 eam
221 1457 459 1504 vistoriam
483 1459 652 1519 probet,
694 1459 742 1504 in
772 1475 860 1520 qua
893 1459 1103 1507 occiderit
1136 1475 1266 1505 nemo
1288 1460 1371 1505 nifi
1403 1473 1406 1476 ·

108 1533 298 1567 armatus
323 1525 338 1568 ?
374 1522 457 1568 Sed
480 1535 527 1568 ut
548 1523 754 1568 omittam
776 1539 1059 1569 communem
1085 1522 1273 1578 causam,
1299 1538 1370 1568 ve-

108 1584 281 1630 niamus
304 1585 360 1630 ad
382 1586 583 1631 nostram.
655 1588 820 1632 Utrum
844 1587 1020 1632 tandem
1051 1586 1271 1632 existimas
1310 1587 1371 1632 fa-

108 1648 233 1693 cilius
257 1648 393 1704 fuisse,
412 1649 611 1704 Tubero,
649 1649 883 1710 Ligarium
906 1666 961 1694 ex
981 1651 1135 1695 Africa
1158 1650 1295 1703 exire,
1314 1667 1370 1696 an

108 1728 185 1757 vos
201 1712 248 1757 in
265 1712 469 1759 Africam
485 1729 573 1758 non
594 1714 743 1759 venire
762 1717 778 1759 ?
813 1713 1136 1769 Poteramufiie,
1182 1714 1367 1775 inquies,

107 1776 211 1821 cum
234 1778 413 1823 Senatus
444 1777 666 1822 censuiss'et
689 1781 705 1823 ?
742 1777 787 1822 Si
812 1793 882 1822 me
905 1777 1104 1832 consuliS‚
1140 1778 1260 1822 nullo
1276 1793 1372 1823 mo‘

108 1839 181 1885 do.
249 1840 334 1886 Sed
356 1852 506 1886 tamen
529 1840 765 1901 Ligarium
782 1842 959 1886 Senatus
977 1840 1097 1886 idem
1130 1840 1387 1902 legaverat.⁵

109 1902 256 1964 Atque
281 1903 358 1949 ille
375 1919 430 1950 eo
464 1915 660 1965 ternpore
695 1904 856 1965 paruit,
894 1905 997 1950 curn
1022 1920 1174 1966 parere
1208 1903 1367 1950 senatui
1436 1950 1437 1960 χ

108 1965 269 2012 neceffe
284 1979 403 2014 erat:
443 1983 514 2013 vos
530 1979 632 2013 tunc
655 1968 866 2028 paruistis,
904 1968 1007 2013 cum
1038 1968 1181 2028 paruit
1218 1983 1374 2024 nemo,

108 2029 184 2092 qui
198 2030 354 2077 noluit.
423 2030 896 2093 Reprehendoigitur?
932 2028 1120 2076 minime
1142 2031 1272 2077 vero:
1297 2047 1369 2077 ne·
1416 2086 1419 2087 ⁷

109 2110 193 2154 que
222 2094 344 2140 enim
365 2094 492 2141 licuit
514 2096 640 2141 aliter
660 2095 798 2140 vestro
814 2095 980 2156 generi,
1016 2094 1208 2151 nomini,
1242 2094 1372 2140 fami-
1415 2130 1423 2151 2

107 2156 194 2210 liae,
229 2157 483 2219 disciplinas.
551 2158 737 2206 Sedhoc
758 2174 847 2204 non
869 2160 1078 2213 concedo,
1114 2169 1176 2214 ut,
1211 2156 1423 2220 quibus->⁵³

107 2220 234 2266 rebus
251 2221 509 2284 gloriemini
533 2223 579 2268 in
596 2223 739 2279 vobis,
763 2221 930 2267 easdem
956 2222 1000 2268 in
1020 2222 1118 2268 aliis
1139 2222 1370 2283 reprehen-
1399 2259 1405 2264 .

107 2283 233 2330 datis,
303 2285 554 2332 Tuberonis
591 2286 678 2332 sors
715 2285 910 2346 conjefia
931 2286 1066 2332 estex
1101 2286 1217 2332 S.C.
1263 2285 1416 2349 cums*

107 2347 198 2408 ipse
231 2363 321 2394 non
344 2349 514 2405 adeffet,
550 2350 708 2395 morbo
729 2350 865 2396 etiam
894 2349 1209 2411 impediretur:
1242 2349 1369 2415 statu-¹

105 2423 198 2461 erat
219 2409 496 2466 seexcusare.
564 2413 678 2465 Haec
714 2428 799 2480 ego
839 2414 946 2464 novi
969 2424 1147 2478 propter
1167 2426 1366 2462 commu-
1390 2416 1430 2470 ’.Ὗ

1283 2488 1360 2527 m
1386 2507 1389 2513 ,
