1437 2589
242 146 355 204 Pro
398 144 1014 203 M.MAReELL0,
1189 161 1256 220 17

20 238 201 301 telligis,
235 249 396 300 quanta
431 237 477 282 in
497 237 600 283 dato
634 236 845 283 beneficio
863 237 913 282 fit
948 236 1056 291 laus,
1090 236 1194 299 cuin
1215 236 1263 282 in

23 313 201 364 accepto
219 313 347 348 tanta
367 300 418 347 fit
445 300 607 362 gloria..
669 301 742 345 Est
777 315 880 345 vero
901 299 1137 346 fortunatus
1170 300 1260 354 ille,

23 365 217 425 cujus‘ex
239 364 368 410 salute
383 380 472 410 non
488 363 634 409 minor
653 359 764 424 pene
779 363 833 408 ad
855 379 1020 419 omnes,
1055 360 1188 425 quarn
1210 362 1266 407 ad

22 428 149 474 illum
164 438 345 473 ventura
362 426 428 482 fit,
460 426 612 472 laetitia
633 426 890 487 pervenerit.
959 426 1092 489 Qod
1112 425 1152 471 ei
1171 425 1267 486 qui-

20 491 126 537 dem
143 491 299 536 merito
321 502 449 552 atque
481 490 651 551 optimo
681 489 777 549 jure
814 489 1015 551 contigit.
1083 489 1195 551 Qis
1224 504 1268 534 e-

23 554 120 600 nim
140 554 198 599 est
220 554 297 599 illo
318 564 392 599 aut
421 552 664 608 nobilitate,
721 563 794 598 aut
814 552 1047 613 probitate,
1083 563 1156 597 aut
1190 567 1267 612 op-

20 617 233 663 timarum
269 616 430 662 artium
466 615 619 670 studio,
675 626 748 661 aut
783 615 1049 669 innocenti-a,
1083 627 1157 660 aut
1178 615 1268 659 ullo

21 693 183 741 -genere
204 679 341 725 laudis
359 679 623 740 praestantior
646 682 662 724 ?
713 678 891 724 Nullius
914 689 1081 724 tantum
1112 678 1170 723 est
1192 677 1270 722 flu-

23 758 128 789 men
162 743 328 804 ingenij
362 759 375 793 ;
431 741 538 787 nulli
580 741 753 787 dicendi
796 752 870 786 aut
902 741 1116 786 scribendi
1152 751 1271 786 tanta

23 805 111 861 vis,
157 816 288 852 'tanta
323 804 469 866 copia,
524 820 619 866 quae
640 820 729 850 non
764 801 911 849 dicam
939 819 1166 858 exornare,
1200 803 1271 848 sed

23 884 238 923 enarrare,
277 868 329 914 C.
365 868 521 922 Caesar,
573 883 636 912 res
659 878 752 913 tuas
775 867 909 928 gestas
927 869 1048 928 poffit
1073 884 1081 912 ε
1123 879 1271 912 tamen

25 931 113 977 hoc
144 931 329 985 affirmo,
384 934 429 975 &
465 930 550 975 hoc
572 944 680 990 pace
701 930 847 976 dicam
879 931 983 982 tua;
1038 929 1203 975 nullam
1226 930 1272 975 in

26 993 96 1050 his
113 994 199 1039 -ess'e
220 993 393 1038 laudem
410 993 686 1054 ampliorem,
722 989 853 1054 quam
875 1009 991 1047 eam,
1027 1009 1160 1054 quam
1194 993 1274 1038 ho-

24 1056 179 1102 dierno
199 1056 271 1102 die
311 1055 556 1102 consecutus
588 1071 648 1101 es.
716 1056 843 1102 Soleo
865 1055 972 1117 saepe
1004 1067 1103 1102 ante
1124 1056 1273 1101 oculos

24 1134 204 1180 ponere,
256 1119 385 1181 idque
426 1119 611 1165 libenter
647 1119 807 1165 crebris
840 1119 1039 1182 usurpare
1069 1119 1275 1165 sermoni-

28 1182 123 1237 buS‚
174 1198 323 1228 omnes
345 1183 584 1228 nostrorum
605 1182 934 1244 imperatorum,
969 1198 1118 1229 ornnes
1156 1195 1274 1228 exte-

26 1261 174 1290 rarum
201 1245 428 1307 gentium,
483 1246 955 1308 potentiffimorumque
993 1246 1271 1307 populorum,

29 1324 181 1354 omnes
204 1309 531 1354 clarissimorum
547 1324 703 1370 regum
720 1325 784 1355 res
808 1310 941 1371 gestas
966 1325 1067 1355 cum
1087 1309 1171 1355 tuis
1194 1326 1274 1355 nec

29 1371 359 1417 contentionum
401 1372 719 1434 magnitudine,
769 1388 848 1418 nec
887 1389 1067 1418 numero
1107 1373 1273 1434 praelio-

29 1449 145 1489 rum,
180 1450 260 1481 nec
277 1434 484 1481 varietate
521 1435 768 1496 regionum,
804 1451 884 1482 nec
905 1436 1124 1483 celeritate
1145 1437 1274 1481 confi-

28 1496 190 1553 ciendi,
225 1513 304 1542 nec
325 1498 661 1545 dissimilitudine
683 1498 897 1544 bellorum
928 1500 1042 1559 poss'e
1058 1498 1242 1544 conferri
1263 1519 1272 1545 :

30 1574 113 1605 nec
132 1560 234 1606 vero
251 1561 590 1620 disjunfflffimas
609 1572 740 1607 terras
764 1562 889 1608 citius
912 1562 1162 1624 cujusquam
1183 1563 1276 1623 pas-

32 1621 144 1668 fibus
181 1624 360 1685 potuiffe
395 1625 635 1686 peragrari,
687 1622 819 1686 quam
852 1626 952 1681 tuis,
1003 1641 1092 1671 non
1127 1626 1275 1671 dicam

30 1685 236 1740 cursibus,
260 1687 330 1732 sed
350 1688 545 1733 vi&oriis
574 1688 754 1733 lustratae
769 1686 877 1734 sunt.
946 1689 1058 1751 Qae
1094 1689 1275 1750 quidem

34 1763 121 1811 ego
156 1750 237 1794 nifi
260 1761 351 1796 tarn
371 1765 538 1812 magna
572 1751 652 1796 effe
690 1751 841 1807 fatear,
891 1762 938 1797 ut
958 1768 1010 1797 ea
1029 1751 1109 1796 vix
1141 1752 1277 1811 cujus·

34 1827 170 1872 quam
192 1828 313 1859 mens
331 1825 405 1860 aut
418 1814 632 1876 cogitatio
649 1829 803 1876 capere
824 1816 961 1877 poffit,
997 1831 1143 1861 amens
1166 1816 1245 1861 sun
1263 1833 1275 1861 ε

33 1874 105 1920 sed
125 1886 271 1922 tamen
287 1875 379 1922 sunt
407 1876 495 1923 alia
527 1877 708 1936 majora.
777 1878 904 1923 Nam
937 1879 1112 1926 bellicas
1133 1878 1280 1924 laudes

33 1937 171 1984 solent
190 1938 371 2000 quidam
405 1951 636 1986 extenuare
669 1940 829 1995 verbis,
880 1939 1033 2004 easque
1054 1942 1280 1988 detrahere
1329 1974 1333 1979 x

32 2000 231 2065 ducibus,
285 2004 609 2049 communicare
631 2020 732 2049 cum
753 2003 982 2060 militibus,
1017 2021 1071 2050 ne
1093 2006 1280 2066 propriae

37 2062 117 2110 fmt
137 2064 481 2126 imperatorum3
519 2071 558 2112 δι
575 2064 690 2113 certe
712 2067 758 2112 in
786 2067 934 2122 armis,
970 2068 1163 2114 militum
1193 2068 1282 2112 vir-

37 2135 119 2182 tus,
153 2127 350 2174 lotorum
371 2130 683 2191 opportunitas,
720 2131 886 2176 auxilia
912 2130 1144 2186 sociorum,
1181 2130 1284 2176 class

38 2187 116 2245 seS,
152 2203 435 2247 commeatuS,
470 2193 658 2239 multum
675 2194 829 2253 juvant
851 2211 861 2239 t
912 2194 1158 2240 maximam
1180 2194 1285 2240 vero

39 2263 210 2314 partem
240 2254 360 2316 quasi
400 2255 474 2301 suo
502 2256 598 2316 jure
635 2259 827 2303 Fortuna
856 2256 934 2302 fibi
972 2258 1182 2312 vindicat,
1241 2261 1283 2304 Sc

40 2315 254 2422 zpidquid
273 2319 331 2364 est
351 2317 551 2381 prospere
573 2321 753 2381 gestum,
805 2320 852 2366 id
873 2318 983 2381 pene
1006 2337 1135 2366 omne
1166 2320 1287 2366 ducit

90 2393 178 2425 um.
245 2381 310 2426 At
344 2381 449 2428 vero
487 2383 613 2442 hujus
651 2384 818 2445 gloriae,
877 2385 930 2431 C.
959 2384 1115 2438 Caesar,
1151 2399 1287 2445 quam

26 2450 89 2521 ⁴5³
103 2441 233 2505 paul&
254 2455 353 2499 ante
369 2445 561 2510 adeptuS,
598 2445 762 2499 socium
778 2447 912 2501 habes
948 2448 1187 2503 neminem,
1224 2458 1287 2491 to-

1194 2521 1288 2559 tum
