1437 2589
235 43 351 102 Pro
383 42 1009 120 LegeMAN1L1A.
1182 53 1326 121 175''

60 140 164 188 vero
197 139 376 201 accepta
412 139 458 184 in
480 140 620 185 Ponto
641 134 887 182 calamitate
908 149 966 181 ex
981 149 1035 180 eo
1052 133 1213 195 praelio,
1248 137 1304 182 de

61 219 151 265 quo
174 208 262 249 ‘vos
297 201 427 264 paulo
457 196 572 247 ante'
596 199 756 245 invitus
793 197 1001 244 admonui
1018 214 1032 248 ;
1067 197 1169 242 cum
1200 198 1303 244 socii

61 266 388 327 pertimuissent,
435 264 623 310 hostium
657 277 759 322 opes
802 260 1026 321 animique
1047 261 1304 313 creviffent3

60 329 164 374 cum
202 329 299 375 satis
334 329 508 374 firmum
530 325 773 387 praesidium
794 324 1021 384 provincia
1050 339 1139 368 non
1170 324 1307 370 habe-

59 403 152 442 ret3
204 391 442 437 amififfetis
474 390 641 443 Asiam,
693 387 905 448 Qirites,
956 385 1035 431 nifi
1072 385 1214 446 ipsum
1256 387 1308 433 id

60 455 284 516 temporis,
334 452 542 499 divinitus
567 453 652 497 Cn.
679 449 940 510 Pompeium
977 449 1034 495 ad
1075 464 1146 493 eas
1190 451 1305 511 regi-

57 532 160 563 ones
183 517 357 563 fortuna
379 515 528 577 populi
554 513 746 560 Romani
771 511 979 558 attulisset.
1061 511 1205 571 Hujus
1229 513 1303 559 ad-

59 591 210 626 ventus
234 585 273 625 &
297 577 608 626 Mithridatem
631 574 799 622 insolita
822 575 1147 620 inflammatum
1169 576 1303 622 vieto-

60 642 128 688 ria
152 642 380 697 continuit,
433 647 473 687 δε
504 641 754 701 Tigranem
787 638 959 698 magnis
998 636 1136 698 copiis
1173 639 1304 684 mini-

58 716 222 752 tantem
258 705 377 752 Afiae
411 704 660 750 retardavit.
710 703 767 747 Et
800 700 1028 763 quisquam
1065 700 1300 757 dubitabit,

58 768 167 830 quid
200 769 359 815 virtute
403 767 664 828 perfecturus
703 765 768 819 fit,
828 765 904 825 qui
947 775 1116 809 tantum
1158 767 1304 811 aucto-

61 831 188 878 ritate
223 831 482 892 perfecerit?
533 841 606 874 aut
637 827 771 889 quam
808 824 936 872 facile
965 827 1152 888 imperio
1174 841 1304 889 atque

57 895 252 941 exercitu
273 894 409 938 socios
434 898 474 938 δε
506 891 741 952 vectigalia
762 889 1081 935 conservaturus
1115 890 1180 946 fit,
1225 891 1303 951 qui

61 957 154 1016 ipso
187 956 365 1003 nomine
408 972 460 1001 ac
498 971 670 1000 rumore
713 952 981 998 defenderit?
1033 953 1134 1013 Age
1177 954 1300 1009 vero,

59 1019 135 1066 illa
168 1036 232 1066 res
269 1028 482 1081 quantam
518 1017 708 1063 declarat
745 1015 934 1074 ejusdem
971 1015 1163 1060 hominis
1185 1017 1304 1078 apud

57 1083 195 1128 hostes
225 1082 376 1144 populi
400 1081 595 1127 Romani
618 1080 937 1133 auctoritatem,
976 1078 1093 1139 quod
1113 1094 1170 1123 ex
1192 1080 1302 1126 locis

58 1157 152 1192 tam
171 1145 444 1207 longinquis,
479 1144 655 1204 tamque
677 1142 869 1195 diverfiS,
921 1153 1012 1186 tam
1035 1142 1158 1187 brevi
1194 1154 1304 1189 tem—

60 1224 181 1269 pore,
217 1225 368 1254 omnes
403 1207 509 1252 huic
546 1207 618 1252 uni
658 1204 699 1252 se
734 1205 1022 1251 dediderunt?
1058 1205 1174 1265 quod
1198 1206 1303 1252 Cre-

58 1271 241 1317 tensium
262 1271 417 1332 legati,
452 1270 554 1315 cum
590 1270 637 1314 in
658 1284 812 1314 eorum
845 1266 980 1312 insula
1003 1269 1142 1312 noster
1163 1268 1302 1330 impe-

58 1346 177 1380 rator
197 1333 495 1394 exercitusque
517 1333 629 1387 esset,
679 1331 736 1376 ad
759 1332 843 1376 Cn.
870 1330 1133 1391 Pompeium
1168 1332 1212 1376 in
1239 1333 1301 1377 ul·-

59 1397 187 1444 timas
210 1413 346 1458 prope
367 1408 498 1442 terras
520 1407 746 1449 venerunt,
781 1394 909 1454 eique
947 1392 986 1437 se
1021 1409 1170 1438 omnes
1195 1396 1301 1440 Cre-

58 1460 242 1505 tensium
277 1459 469 1505 civitates
513 1458 666 1503 dedere
703 1455 814 1502 velle
853 1456 1087 1502 dixerunt?
1145 1458 1299 1519 Qid?

59 1523 178 1569 idem
201 1523 290 1583 ipse
313 1521 595 1568 Mithridates
617 1535 760 1565 nonne
782 1519 837 1564 ad
858 1518 1047 1563 eundem
1064 1519 1147 1565 Cn.
1170 1522 1300 1566 Pom-

58 1586 209 1647 peium
221 1587 416 1646 legatum
439 1584 567 1645 usque
585 1583 630 1627 in
647 1582 912 1643 Hispaniam
928 1582 1074 1628 mifit?
1110 1584 1300 1643 el'lmque

60 1647 293 1710 Pompeius
329 1648 526 1708 legatum
561 1646 728 1706 semper
756 1644 996 1704 judicavit:
1044 1645 1092 1698 ii,
1143 1646 1299 1706 quibus
1332 1682 1334 1685 .

56 1710 227 1773 semper
260 1723 353 1758 erat
386 1710 627 1764 molestum,
678 1708 734 1753 ad
775 1723 878 1753 eum
920 1707 1183 1768 potissimum
1217 1710 1300 1755 esse

59 1774 248 1829 miffum,
284 1773 594 1834 speculatorem
615 1769 748 1832 quam
769 1771 964 1831 legatum
981 1770 1177 1829 judicare
1206 1788 1299 1817 ma-

54 1837 256 1884 luerunt?
292 1835 465 1882 Potestis
501 1835 640 1897 igitur
668 1833 771 1893 jam«
795 1832 1063 1889 constituere,
1087 1834 1296 1898 Qirites,
1347 1869 1354 1874 1

57 1901 173 1946 hanc
219 1900 536 1952 auctoritatem,
597 1897 745 1943 multis
802 1897 945 1957 postea
987 1899 1109 1942 rebus
1154 1899 1296 1958 gestis,

59 1961 315 2023 magnisque
351 1962 496 2008 vestris
517 1959 690 2020 judiciis
724 1959 1052 2020 amplificatam,
1089 1973 1302 2022 quantum

32 2026 174 2087 -apud
210 2025 306 2070 illos
343 2039 482 2085 reges,
530 2035 742 2084 quantum
779 2022 894 2083 apud
915 2035 1082 2068 exteras
1107 2024 1299 2070 nationes

40 2088 296 2134 'valituram
330 2088 410 2133 effe
446 2085 713 2133 existimetis.
799 2084 1037 2146 Reliquum
1057 2086 1142 2139 est,
1166 2097 1213 2131 ut
1247 2086 1301 2132 de

10 2190 12 2192 .
39 2150 278 2205 felicitate,
345 2166 449 2195 uam
485 2150 680 2210 praestare
716 2148 768 2193 de
791 2147 832 2193 se
868 2147 960 2209 ipso
996 2165 1127 2193 nemo
1149 2149 1298 2209 potest,

35 2166 377 2260 meminisseq&
416 2227 763 2258 commemorare
800 2211 853 2255 de
891 2211 1036 2256 altero
1067 2212 1300 2271 poss'umus,

37 2277 167 2334 ]ficut
187 2291 357 2337 aequum
378 2276 436 2321 est
464 2275 639 2321 homini
674 2274 728 2319 de
765 2274 972 2334 potestate
1008 2274 1204 2328 deorum,
1247 2275 1304 2320 ti-

33 2346 36 2348 ’
61 2335 182 2387 mide
206 2344 246 2387 δι
269 2352 408 2401 pauca
429 2338 636 2447 dicamqsi.
667 2397 695 2445 6
715 2336 826 2400 ‘Ego
847 2336 1046 2386 enimfic
1066 2337 1270 2383 existimo
1286 2354 1312 2387 ς,

36 2413 43 2418 ’
157 2415 161 2419 ’
372 2405 375 2408 ’
603 2436 637 2441 ›-
700 2433 704 2439 ,
1065 2400 1295 2458 Maximo,
