1437 2589
311 81 803 159 Pnr'LerICA
851 96 929 155 II.
1144 115 1275 173 155·

29 205 95 244 ter
115 192 401 256 suspicionem
423 191 547 254 regni
572 189 804 252 appetendi
834 188 931 234 sunt
969 189 1125 236 necati.
1192 193 1261 239 Hi

0 258 165 322 -lprimi
188 271 288 302 cum
319 255 493 318 gladiis,
535 270 625 300 non
662 252 708 298 in
749 267 934 313 regnum
967 265 1262 313 appetentem,

29 320 162 368 sedin
193 331 467 381 regnantem,
499 318 713 378 impetum
725 316 938 371 fecerunt.
1006 317 1144 378 Qod
1160 317 1264 364 cum

29 383 174 445 ipsum
194 382 357 428 factum
378 398 456 443 per
477 381 517 426 se
539 379 793 442 praeclarum
815 388 944 439 atque
975 378 1171 425 divinum
1187 382 1263 436 est,

29 457 128 493 tum
147 445 392 507 expositum
413 445 469 491 ad
490 443 782 489 imitandum:
820 441 1056 502 praesertim
1077 443 1180 489 cum
1198 444 1263 488 illi

29 525 130 557 eam
151 509 338 572 gloriam
375 505 588 554 consecuti
626 506 721 559 fint,
773 521 869 564 quae
903 505 981 550 vix
1017 505 1123 551 caelo
1164 506 1266 567 capi

31 573 146 635 poffe
167 572 378 618 videatur.
443 570 533 616 Etsi
553 569 674 615 enim
695 567 793 613 satis
815 568 862 612 in
883 566 977 628 ipsa
1001 568 1267 615 conscientia

31 634 313 698 pulcherrimi
337 633 438 681 faeci
461 634 618 679 fructus
655 643 762 686 erat,
804 643 952 678 tamen
984 632 1158 678 mortali
1183 634 1268 677 im-

33 699 344 746 mortalitatem
380 713 470 743 non
512 696 698 742 arbitror
738 694 1118 740 contemnendam.
1179 696 1269 742 Re·-

32 763 212 809 cordare
246 762 383 823 igitur
411 760 552 814 illum,
597 760 667 806 M.
692 757 874 812 Antoni,
899 757 1034 812 diem,
1073 774 1162 821 quo
1185 758 1268 804 Di-

33 829 246 872 ctaturam
272 823 463 870 instulisti
484 841 493 868 ε
532 838 646 883 pone
667 832 767 866 ante
795 820 941 866 oculos
973 821 1173 866 laetitiam
1195 823 1269 867 Se-

36 887 169 935 natus¹
182 887 421 950 populique
436 884 632 932 Romani
656 902 666 930 z
709 883 859 929 confer
887 899 988 928 cum
1025 884 1110 929 hac
1141 900 1268 930 num-

37 952 231 998 matione
254 951 328 995 tua
350 962 608 1009 tuorumque
632 965 645 998 3
682 959 776 992 tum
798 946 1029 1008 intelliges,
1055 959 1268 1008 quantum

37 1015 148 1062 inter
161 1013 332 1060 laudern
358 1012 584 1058 &lucrum
607 1009 786 1056 interfit.
853 1010 937 1056 Sed
955 1010 1181 1065 nimirum,
1222 1024 1271 1057 ut

9 1100 11 1103 ·
36 1078 216 1140 quidam
239 1077 397 1122 morbo
413 1075 561 1135 aliquo
601 1079 640 1119 δε
664 1072 808 1118 sensus
830 1073 995 1134 stupore
1013 1073 1271 1119 suavitatem

37 1141 128 1187 cibi
153 1157 241 1186 non
259 1138 443 1186 sentiunt
465 1154 476 1183 ε
518 1137 576 1184 sic
597 1136 834 1190 libidinosi,
869 1136 1008 1190 avari,
1039 1136 1272 1183 facinorosi

38 1220 152 1250 verae
173 1202 309 1249 laudis
333 1202 550 1264 gustatum
572 1216 661 1246 non
684 1199 861 1244 habent.
929 1199 1014 1244 Sed
1047 1198 1079 1244 fi
1116 1211 1158 1244 te
1180 1200 1272 1245 laus

38 1267 210 1313 allicere
239 1266 295 1311 ad
327 1262 440 1311 recte
477 1263 726 1309 faciendum
747 1277 835 1307 non
863 1263 1027 1322 potest3
1063 1259 1116 1307 ne
1134 1274 1273 1309 metus

39 1331 216 1392 quidem
233 1327 258 1374 ὲ
285 1327 518 1374 foediffimis
540 1326 661 1372 factis
687 1325 822 1386 potest
843 1340 1024 1370 avocare
1049 1328 1064 1371 ?
1099 1325 1276 1385 Judicia

41 1409 130 1439 non
151 1391 351 1438 metuis:
386 1390 418 1436 fi
456 1402 635 1451 propter
671 1387 982 1443 innocentiam,
1038 1387 1202 1433 laudo:
1243 1388 1275 1434 fi

40 1469 218 1517 propter
253 1455 365 1509 vim,
409 1470 496 1499 non
521 1451 726 1513 intelligis
759 1451 817 1506 ei,
853 1452 927 1510 qui
959 1450 1036 1496 isto
1059 1451 1192 1497 modo
1208 1450 1277 1510 ju·

41 1519 157 1564 dicia
172 1535 260 1564 non
280 1519 450 1571 timeat,
466 1516 572 1578 quid
588 1514 831 1560 timendum
848 1513 912 1560 fit.
981 1513 1112 1577 Qod
1133 1514 1163 1559 fi
1186 1527 1278 1560 non

44 1582 201 1628 metuis
235 1580 348 1626 viros
387 1579 533 1634 ἴοι-ἵετε,
576 1577 860 1639 egregiosque
902 1577 1035 1631 civeS,
1095 1576 1211 1638 quod
1250 1574 1278 1623 ἐ

43 1661 226 1707 corpore
265 1654 339 1689 tuo
362 1642 648 1704 prohibentur
665 1639 796 1684 armis
821 1656 831 1684 2
871 1639 933 1685 tui
955 1651 1012 1694 te,
1050 1640 1164 1686 mihi
1187 1655 1277 1685 cre-

44 1709 113 1764 de,
152 1708 309 1753 diutius
327 1721 416 1751 non
436 1705 587 1751 ferent.
655 1704 768 1765 Qae
789 1703 848 1747 est
868 1715 1013 1749 autem
1041 1703 1148 1757 vita,
1186 1702 1277 1747 dies

48 1777 88 1817 &
121 1772 263 1816 noftes„
281 1770 435 1815 timere
452 1765 477 1812 a
493 1769 573 1813 suis
598 1770 613 1813 ?
658 1767 738 1811 nisi
760 1765 862 1812 vero
884 1765 1121 1825 majoribus
1144 1765 1279 1811 habes

45 1833 261 1880 beneficiis
304 1832 537 1893 obligat03‚
582 1827 717 1891 quam
772 1828 845 1874 ille
883 1827 1092 1890 quosdam
1124 1828 1281 1874 habuit

43 1913 99 1944 ex
133 1897 201 1952 iis,
238 1893 264 1940 ὲ
306 1895 460 1956 quibus
504 1894 561 1938 est
595 1892 854 1938 interfectus.
924 1893 999 1937 An
1027 1902 1075 1935 tu
1112 1907 1155 1936 es
1192 1891 1282 1936 ulla.

45 1976 92 2006 re
109 1975 208 2005 cum
231 1974 284 2004 eo
303 1956 651 2019 comparandus?
690 1955 775 2001 suit
795 1955 840 1999 in
857 1955 931 2007 illo
952 1953 1196 2015 ingenium,
1215 1970 1282 1999 ra-

47 2024 129 2078 tio,
161 2022 391 2074 memoria,
426 2022 574 2074 literae,
607 2035 726 2074 cura,
748 2018 977 2079 cogitatio,
1022 2017 1277 2077 diligentia}

49 2102 113 2132 res
142 2086 258 2131 bello
281 2085 474 2145 gesserat,
520 2084 719 2144 quamvis
760 2081 951 2144 Reipub.
988 2078 1278 2133 calamitosas,

50 2159 242 2196 attamen
273 2163 490 2207 magnas:
536 2147 693 2190 multos
729 2161 862 2189 annos
897 2159 1077 2204 regnare
1101 2142 1281 2188 medita-

50 2224 131 2268 tus,
156 2227 322 2273 magno
359 2210 520 2265 labore,
558 2207 733 2270 magnis
772 2206 988 2268 periculis,
1021 2206 1135 2266 quod
1158 2200 1282 2266 cogi·

49 2286 233 2329 taverat,
271 2273 498 2319 effecerat:
544 2271 808 2324 muneribuS,
834 2268 1143 2322 monumentis,
1180 2283 1281 2313 con·

52 2338 220 2398 giariis,
243 2335 380 2397 epulis
404 2335 724 2380 multitudinem
748 2332 996 2392 imperitam
1020 2330 1279 2376 delenierat:

52 2405 143 2446 iuos
159 2398 632 2463 praemiis,adversarios
657 2396 897 2444 clementiae
921 2393 1079 2454 specie,
1101 2393 1284 2439 devinx-

1169 2467 1276 2502 erat.
