1437 2589
111 62 234 108 ‘200
484 47 967 110 ORATIO

112 139 317 186 vetustate
333 139 577 186 audaciam.
646 143 720 188 An
740 144 859 199 vero,
878 143 1075 203 judices‚f
1087 160 1163 192 vos
1180 145 1256 193 soli
1277 145 1347 210 ig-

113 203 278 249 noratis
301 207 317 249 ?
350 218 427 248 vos
458 202 647 264 hospites
671 207 718 251 in
736 207 820 252 hac
837 208 943 279 urbe
963 208 1195 254 versamini
1221 214 1237 257 ?
1275 226 1349 256 ve-

113 265 204 312 strae
235 266 568 328 peregrinantur
589 283 709 314 aures
734 273 750 315 ?
788 285 927 331 neque
962 271 1007 317 in
1029 271 1116 318 hoc
1135 288 1348 334 pervaga-

113 340 159 375 to
176 329 362 377 civitatis
384 328 580 374 sermone
601 332 835 389 versantur,
870 350 973 394 quas
997 334 1071 379 ille
1087 335 1204 397 leges
1222 337 1267 396 (fi
1289 337 1348 382 le·

113 407 191 454 ges
225 393 506 439 nominandae
522 393 632 450 sunt,
657 411 708 441 ac
728 412 816 442 non
838 396 952 442 faces
976 397 1111 453 urbis,
1155 403 1196 444 &
1214 399 1346 460 pestes

110 458 377 520 reipublicae)
412 455 541 505 fuerit
584 458 855 519 impositurus
886 459 1013 506 nobis
1035 461 1255 517 omnibus,
1285 474 1349 509 at·
1370 472 1381 481 ·

112 535 197 581 que
218 521 425 568 inusturus
444 526 460 569 ἓ
485 521 680 577 Exhibe,
703 522 860 583 quaeso,
894 523 1024 570 Sexte
1048 524 1195 579 Clodi,
1218 525 1347 571 exhi·

100 581 167 629 ‘be
187 584 419 631 librarium
440 585 548 631 illud
563 585 713 647 legum
735 587 986 640 vestrarum,
1029 587 1146 648 quod
1168 600 1209 633 te
1223 589 1351 636 aiunt

110 647 308 709 eripuisse
331 646 355 694 ὲ
377 649 526 703 domo,
563 653 604 694 &
621 664 678 693 ex
695 648 851 694 mediis
869 649 1002 694 armis
1017 650 1227 711 turbaque
1241 668 1344 698 noc-

111 712 254 767 turna,
287 723 497 773 tanquam
518 710 761 757 Palladium
784 711 997 767 sustuh‘ffe,
1017 724 1064 758 ut
1085 713 1344 774 praeclarum

110 775 313 822 videlicet
334 791 505 830 munus,
540 785 669 836 atque
685 774 1015 822 instrumentum
1031 776 1271 824 tribunatus
1287 779 1343 826 ad

112 839 324 898 aliquem,
359 838 391 884 fi
426 839 574 884 naftus
597 838 712 893 effes,
738 837 814 899 qui
845 849 921 885 tuo
943 839 1126 885 arbitrio
1149 840 1342 888 tribuna-

109 912 206 947 tum
231 914 414 963 gereret,
450 900 616 947 deferre
637 902 785 962 poffes.
854 902 927 947 Ex
964 900 1133 964 aspexit
1154 919 1228 951 me
1249 904 1346 966 qui-

106 966 215 1010 dem
231 965 315 1010 illis
333 963 485 1020 oculis,
520 965 674 1025 quibus
697 975 792 1014 tum
807 963 985 1021 solebat,
1003 966 1106 1012 curn
1134 968 1342 1014 omnibus

109 1028 265 1074 omnia
323 1028 587 1074 minabatur.
654 1039 804 1074 movet
851 1043 923 1074 me
981 1028 1144 1090 quippe
1193 1030 1345 1078 lumen

109 1092 254 1137 curiae.
345 1091 467 1153 Qid
488 1094 504 1137 ?
555 1102 599 1137 tu
639 1106 711 1136 me
756 1091 935 1146 iratum,
1006 1094 1153 1148 Sexte,
1213 1105 1341 1155 putas

107 1156 209 1210 tibi,
244 1154 363 1213 cujus
387 1167 433 1200 tu
451 1153 790 1199 inimiciffimum
818 1153 956 1202 multo
971 1155 1185 1202 crudelius
1206 1156 1340 1204 etiam

107 1219 282 1279 punitus
304 1233 364 1273 ες,
398 1214 530 1278 quam
549 1228 641 1262 erat
663 1217 946 1263 humanitatis
971 1234 1080 1265 meae
1097 1219 1339 1281 postulare?

107 1283 185 1328 Tu
208 1282 255 1327 P.
283 1280 431 1328 Clodii
453 1292 680 1326 cruentum
700 1280 887 1326 cadaver
915 1280 1074 1340 ejecisti
1096 1283 1230 1329 domo
1249 1301 1258 1329 ε
1293 1295 1354 1330 tu.

107 1345 154 1390 in
176 1344 402 1405 publicum
424 1343 607 1403 ejecisti:
626 1352 687 1388 'tu
704 1342 937 1405 spoliatum
959 1343 1245 1406 imaginibuS,
1263 1361 1339 1393 ex-

106 1409 262 1470 equiis,
312 1407 495 1470 pompa,
551 1406 817 1462 laudatione,
866 1407 1169 1455 infelicissimis-
1198 1409 1337 1471 lignis

104 1471 460 1526 semiustulatum,
504 1470 726 1516 nocturnis
749 1469 929 1517 canibus
950 1471 1253 1518 dilaniandum
1276 1489 1340 1520 re-

106 1535 282 1597 liquisti.
352 1535 504 1597 Qam
526 1549 619 1578 rem
635 1533 711 1579 etfi
733 1533 963 1579 neceffario
980 1534 1114 1581 fecisti
1139 1552 1153 1586 3
1190 1547 1351 1584 tamen,

105 1598 317 1659 quoniam
336 1596 382 1643 in
403 1613 504 1643 meo
519 1596 704 1642 inimico
718 1597 1021 1643 crudelitatem
1033 1600 1337 1660 exprompfisti

107 1675 243 1716 tuam,
279 1661 455 1706 laudare
476 1676 566 1706 non
587 1660 777 1721 poffum„
793 1658 919 1705 irasci
942 1658 1055 1707 certe
1077 1677 1165 1708 non
1181 1662 1334 1710 debeo.

102 1726 150 1771 P.
179 1724 327 1771 Clodii
343 1736 578 1786 praeturam
599 1739 687 1769 non
707 1722 796 1769 fine
816 1723 1019 1770 maximo
1039 1740 1185 1771 rerum
1201 1742 1337 1773 nova-

102 1803 201 1833 rum
225 1799 342 1834 metu
363 1787 567 1848 proponi,
604 1792 646 1833 δε
663 1785 847 1832 solutam
869 1786 962 1832 fore
979 1787 1206 1844 videbatis,
1253 1789 1336 1836 nifi

100 1852 201 1897 effet
222 1851 257 1897 is
275 1851 449 1903 Consul,
486 1851 560 1909 qui
583 1865 682 1896 eam
704 1851 880 1896 auderet
899 1849 1116 1912 poffetque
1144 1851 1336 1899 confrin-

103 1929 229 1976 gere,
293 1914 413 1960 Eum
434 1913 647 1960 Milonem
668 1914 748 1959 effe
771 1913 874 1960 cum
907 1912 1077 1960 sentiret
1112 1915 1331 1962 universus

99 1977 283 2040 populus
308 1978 556 2032 Romanus,
589 1977 684 2037 quis
706 1977 925 2023 dubitaret
945 1974 1149 2039 suffragio
1166 1978 1255 2034 suo,
1292 1978 1333 2025 se

99 2053 237 2095 metu,
280 2040 473 2101 periculo
518 2040 838 2101 rempublicam
881 2039 1095 2087 liberare?
1130 2042 1197 2087 At
1216 2057 1346 2090 nunc„
1432 2079 1437 2086 .

99 2105 146 2150 Ρ.
172 2104 332 2150 Clodio
354 2114 538 2158 remoto,
563 2103 723 2149 usitatis
740 2103 836 2163 jam
857 2102 981 2149 rebus
1002 2103 1253 2151 enitendum
1273 2107 1334 2152 est
1406 2112 1422 2162 j

95 2167 277 2221 Miloni,
313 2178 360 2214 ut
395 2178 563 2213 tueatur
596 2167 858 2228 dignitatem
891 2165 1026 2211 suam.
1091 2166 1331 2229 Singularis

96 2230 172 2275 illa
197 2230 298 2276 huic
320 2246 405 2276 una
424 2231 616 2275 concessa
635 2231 794 2290 gloria,
813 2245 909 2290 quae
930 2229 1124 2290 quotidie
1140 2230 1347 2292 augeba-·
1418 2247 1437 2266 ’

95 2304 179 2348 tur,
232 2293 479 2355 frangendis
510 2293 725 2339 furoribus
765 2292 1005 2347 Clodianis,
1058 2293 1154 2353 jam
1188 2306 1347 2344 morte.

99 2356 246 2405 Clodii
259 2357 432 2407 cecidit.
441 2373 518 2405 vos
532 2356 679 2421 adepti
696 2356 807 2414 estis»,
820 2354 873 2405 ne
887 2371 1017 2421 quem
1031 2357 1178 2404 civem
1191 2369 1332 2428 metu-

1177 2432 1335 2469 eretis:

1199 2570 1208 2589 t
