1437 2589
345 113 829 181 PH1L113P1CA
876 122 954 182 II.
1155 145 1267 203 119

37 229 147 271 cors,
183 226 230 261 ut
245 215 337 261 tota
359 215 403 259 in
434 214 628 260 oratione
649 216 724 262 tua
746 228 891 261 tecum
912 214 999 277 ipse
1021 231 1234 279 pugnares
1253 224 1270 268 ?

34 293 126 325 'non
161 278 293 325 modo
334 294 424 323 non
459 278 721 324 cohaerentia
754 279 866 325 inter
900 279 940 325 se
976 280 1153 338 diceres,
1199 282 1272 329 sed

0 341 3 345 ’
35 342 233 388 maxime
261 336 500 402 disjunctaj
525 353 652 402 atque
675 342 891 388 contraria
915 345 929 389 ?
969 356 1015 388 ut
1043 361 1130 390 non
1152 355 1272 392 tanta

35 421 226 460 mecum,
264 416 426 466 quanta
455 414 617 458 tecum,
663 405 744 451 tibi
772 406 871 451 ess'et
892 407 1146 454 contentio?
1190 410 1235 454 V
1239 409 1271 455 i·

33 469 190 514 tricem
212 480 334 514 tuum
362 468 408 512 in
434 479 554 513 tanto
571 468 688 514 fuisse
711 469 867 515 scelere
895 469 1100 526 fatebare,
1140 486 1271 533 poena

31 531 235 577 affectum
248 531 494 593 querebare.
563 532 649 587 Ita,
688 532 804 593 quod
833 533 1010 594 proprie
1030 551 1178 581 meum
1193 537 1267 591 est,

31 595 246 642 laudasti:
283 595 414 658 Qod
445 607 585 640 totum
617 597 796 641 Senatfis
838 597 910 651 est,
948 599 1268 659 reprehendisti.

32 658 161 704 Nam
193 658 521 719 comprehensio
555 656 759 714 sontium,
809 676 946 711 mea3
995 660 1269 708 animadver-

31 723 109 777 fio,
153 724 333 769 Senatsis
375 721 471 767 fuit.
529 722 665 767 homo
713 721 889 770 disertus
935 740 1023 770 non
1063 726 1270 788 intelligit

31 801 149 841 eum,
187 801 318 846 quem
339 797 492 831 contra
512 784 632 841 dicit,
667 786 835 832 laudari
858 784 883 834 ὲ
921 788 994 833 se:
1029 805 1117 844 εοε,
1149 791 1268 851 'apud

29 864 136 910 quos
172 848 294 903 dicit,
330 848 580 909 vituperari.
647 850 752 910 Jam
788 849 893 895 illud
930 851 1048 911 cujus
1085 853 1143 897 est
1179 870 1265 899 non

29 911 130 957 dico
159 911 351 957 audaciae
388 911 524 973 (cupit
550 911 668 957 enim
713 912 754 958 se
789 914 999 961 audacem
1034 915 1134 977 dici)
1179 917 1264 974 sed,

27 975 143 1036 quod
177 971 363 1020 minime
399 975 506 1030 vult,
559 975 755 1032 stultitiae,
795 979 882 1038 qua
920 978 1056 1025 vincit
1097 997 1264 1036 omnes,

29 1038 132 1083 clivi
189 1037 430 1100 Capitolini
483 1038 759 1085 mentionem
802 1041 959 1096 facere,
1015 1043 1118 1088 ciun
1156 1044 1267 1090 inter

28 1101 224 1147 subsellia
245 1103 386 1147 nostra
402 1100 621 1147 versentur
642 1104 797 1151 armati
818 1109 834 1151 ?
858 1105 961 1151 cnm
982 1105 1028 1152 in
1051 1106 1134 1152 hac
1157 1108 1267 1154 cella.

26 1165 288 1211 Concordiae
308 1166 349 1225 (ὁ
372 1165 430 1225 dij
455 1165 722 1213 immortales
743 1168 772 1229 i)
791 1167 835 1214 in
849 1184 950 1230 qua,
970 1186 1041 1214 me
1062 1170 1260 1228 Consule,

3 1227 228 1288 *salutares
280 1228 496 1275 sententiae
533 1230 658 1275 dietae
695 1229 804 1287 sunt,
864 1232 1018 1294 quibus
1054 1234 1110 1278 ad
1150 1234 1264 1281 hanc

27 1291 147 1338 diem
184 1291 393 1350 viximus,
457 1309 557 1338 cum
605 1292 761 1354 gladiis
810 1295 1010 1341 homines
1061 1298 1262 1345 collocati

24 1355 171 1402 stent?
208 1355 377 1402 Accusa
408 1357 649 1402 Senatum:
691 1357 841 1404 accusa
878 1360 1114 1420 equestrem
1151 1362 1265 1408 ordio

28 1433 146 1474 nem,
179 1418 253 1481 qui
289 1431 383 1465 tum
405 1435 507 1465 cum
528 1422 687 1466 Senatu
719 1423 942 1482 copulatus
973 1423 1077 1469 fuit:
1112 1426 1262 1473 accusa

26 1497 177 1528 omnes
194 1482 381 1537 ordines„
414 1499 564 1529 omnes
595 1483 726 1540 civeS,
770 1485 876 1532 dum
894 1487 1121 1533 confiteare
1143 1489 1261 1536 hunc

17 1545 236 1600 ordinem,
269 1545 354 1591 hoc
377 1545 470 1608 ipso
508 1558 704 1608 tempore
738 1548 793 1593 ab
812 1550 1013 1609 Ithyraei's
1033 1551 1260 1598 circumse-

26 1608 132 1654 deri.
201 1610 314 1655 Haec
351 1621 397 1654 tu
434 1626 522 1656 non
557 1623 735 1672 propter
759 1613 986 1659 audaciam
1021 1614 1126 1660 dicis
1167 1627 1258 1663 tarn

26 1671 315 1734 impudenter,
347 1673 431 1728 sed,
473 1673 546 1734 qui
565 1686 731 1721 tantam
762 1691 907 1722 rerum
925 1679 1254 1740 repugnantiam

24 1751 115 1781 non
151 1736 312 1782 videas.
348 1736 461 1782 nihil
484 1737 678 1797 profecto
717 1739 840 1800 sapis.
908 1741 1030 1803 Qid
1046 1743 1104 1786 est
1137 1744 1256 1790 enim

23 1798 281 1854 dementius,
315 1815 449 1861 quam
464 1816 565 1846 cum
604 1800 692 1862 ipse
721 1803 888 1864 reipub.
925 1803 1165 1866 perniciosa
1192 1822 1258 1852 ar-

23 1878 99 1908 ma
135 1863 316 1924 ceperi5‚
363 1863 552 1923 objicere
584 1864 707 1910 alteri
742 1865 971 1914 salutaria?
1027 1869 1089 1913 At
1123 1870 1258 1916 etiam

21 1925 215 1986 quodam
230 1926 329 1972 loco
344 1925 503 1972 facetus
525 1927 605 1973 effe
625 1928 794 1974 voluisti
819 1947 828 1974 :
864 1929 997 1992 quam
1023 1930 1067 1977 id
1100 1943 1141 1977 te
1180 1933 1256 1993 (dij

19 1988 126 2035 boni
148 1989 185 2049 l)
212 2005 298 2035 non
331 1989 550 2037 decebat?
590 1991 634 2036 in
675 2008 762 2053 quo
800 1993 857 2038 est
897 2006 969 2040 tua
1002 1996 1130 2056 culpa
1153 2013 1258 2042 non-

20 2052 166 2098 nulla:
200 2052 364 2114 aliquid
396 2053 515 2098 enirn
536 2052 629 2099 salis
660 2055 715 2100 ab
750 2072 885 2102 uxore
914 2057 1055 2104 mima
1087 2060 1255 2105 trahere

20 2115 207 2179 potuisti.
277 2117 443 2162 Cedant
471 2135 598 2162 arma
620 2130 725 2179 togae
742 2140 755 2164 .-
808 2121 912 2181 quid
936 2133 1031 2166 tum
1055 2126 1070 2168 ?
1113 2139 1255 2169 nonne

19 2179 260 2225 cesserunt?
300 2180 363 2225 At
384 2180 526 2240 postea
543 2180 624 2227 tuis
647 2182 777 2229 armis
807 2185 918 2229 cessit
940 2196 1057 2245 toga.
1126 2188 1258 2248 Qgae*

23 2256 166 2287 ramus
185 2242 321 2304 igitur
351 2254 494 2289 utrum
514 2243 665 2289 melius
701 2245 843 2301 fuerit,
883 2247 1071 2293 libertati
1103 2250 1251 2310 populi

25 2303 160 2351 Rom.
181 2305 483 2352 sceleratorum
516 2323 653 2362 arma,
696 2325 751 2354 an
789 2309 1034 2356 libertatem
1065 2313 1253 2358 nostram

25 2367 158 2412 armis
182 2369 263 2413 tuis
281 2369 431 2415 cedere
451 2374 466 2416 ?
508 2371 610 2416 Nec
639 2371 744 2417 vero
766 2373 847 2418 tibi
878 2374 930 2419 de
953 2374 1140 2419 versibus
1159 2376 1252 2435 plu-

24 2443 72 2476 ra
94 2431 360 2493 respondebo
385 2450 394 2479 :
432 2434 602 2483 tanthm
631 2433 777 2542 dicam
794 2436 1010 2486 breviter;
1050 2449 1091 2484 te
1115 2454 1251 2544 nxejque

157 2520 160 2521 ⁷
672 2498 688 2527 ¹¹
723 2515 749 2545 z
1143 2501 1149 2507 ’
1172 2502 1247 2557 Ῑυε,
