1437 2589
161 59 275 115 180
501 52 1050 117 ORATIO

146 145 233 208 qua
255 150 316 207 (ut
336 145 538 206 arbitror)
562 147 630 192 isti
667 146 749 208 ipsi
780 149 856 209 qui
878 149 1116 206 minantur,
1162 151 1296 199 etiam
1319 163 1381 200 at-

146 224 232 272 que
264 211 418 266 etiam,
456 211 536 272 qui
576 210 623 256 id
661 210 806 267 liceat,
857 213 1200 261 considerabunt.
1269 216 1381 263 Mea

147 274 329 336 quidem
362 273 587 329 sententia,
642 274 853 338 QiriteS,
904 293 1011 324 unus
1048 280 1106 325 A.
1144 277 1380 336 Gabinius,

151 338 257 383 beni
281 338 492 384 maritimi
532 353 763 400 rerumque
785 340 1004 402 gestarum
1038 344 1203 397 auc’tor,
1235 358 1382 390 comes

151 401 233 446 Cn.
260 403 474 463 Pompeio
496 402 782 452 adscribitur3
806 416 1037 465 propterea
1053 405 1170 467 quod
1181 405 1291 452 alter
1308 407 1384 454 uni

149 464 197 509 id
232 465 399 511 bellum
435 465 753 528 suscipiendum
785 467 929 512 vestris
968 468 1176 532 suffragiis
1198 469 1381 521 detulit;

149 527 257 574 alter
291 529 481 575 delatum
515 529 838 591 susceptumque
869 532 1073 578 confecit.
1142 532 1383 595 Reliquum

149 593 223 647 est,
265 603 313 637 ut
335 594 386 638 de
411 593 639 656 QCatuli
677 594 927 640 auctoritate
950 599 992 642 <Sc
1013 595 1220 642 sententia
1239 598 1386 645 dicen·

149 655 255 701 dum
276 656 356 701 effe
378 657 574 702 videatur
598 675 607 702 :
644 655 720 718 qui
743 657 845 702 curn
866 674 923 704 ex
944 659 1069 705 vobis
1091 674 1314 722 quaereret,
1350 663 1382 709 fi

146 719 196 764 in
218 735 306 764 uno
337 722 421 765 Cn.
448 719 660 781 Pompeio
688 722 839 767 omnia
874 724 1106 783 poneretis,
1149 724 1180 769 fi
1204 726 1309 786 quid
1331 727 1385 772 de
1410 763 1413 768 ,

149 797 203 828 eo
226 782 390 828 fabium
407 783 521 839 effet,
567 784 616 830 in
636 799 725 845 quo
747 784 868 845 spem
889 786 1023 832 effetis
1046 787 1238 833 habituri
1263 806 1277 839 3
1316 806 1384 836 ce-

150 845 217 906 pit
252 861 470 908 magnum
503 847 586 892 suae
620 848 795 892 virtutis
828 848 1031 905 fructum,
1063 866 1114 896 ac
1136 851 1379 912 dignitatis,

147 909 251 955 cum
287 926 439 956 omnes
475 927 611 972 prope
648 912 732 957 una
762 927 873 958 voce
903 913 949 959 in
979 930 1032 959 eo
1054 914 1148 975 ipso
1169 931 1246 961 vos
1264 915 1383 977 spem

149 972 373 1021 hab-ituros
416 975 496 1019 effe
531 974 713 1021 dixistis.
783 976 961 1021 Etenim
1002 978 1098 1023 talis
1128 979 1185 1024 est
1224 979 1305 1032 vir,
1339 994 1385 1027 ut

149 1036 267 1082 nulla
289 1053 354 1082 res
377 1048 496 1083 tanta
517 1038 582 1094 fit,
624 1054 676 1084 ac
698 1051 789 1084 tam
812 1038 1018 1096 difficilis,
1043 1057 1178 1103 quam
1200 1043 1273 1088 ille
1295 1060 1385 1089 non

152 1103 194 1144 δε
232 1101 411 1147 consilio
434 1116 599 1163 regere,
638 1107 679 1147 Sc
714 1103 963 1164 integritate
998 1104 1122 1161 tueri,
1161 1110 1202 1151 δε
1223 1107 1383 1154 virtute

147 1164 359 1209 conficere
381 1165 517 1225 poffit.
585 1165 670 1212 Sed
693 1164 738 1210 in
760 1165 845 1211 hoc
867 1167 959 1228 ipso
981 1169 1038 1214 ab
1066 1184 1118 1214 eo
1147 1171 1383 1218 vehemen-

148 1225 299 1272 tiffime
322 1228 536 1284 dissentio,
577 1229 707 1290 quod,
733 1228 819 1290 quo
842 1231 983 1277 minus
1016 1244 1133 1277 certa
1154 1234 1212 1278 est
1235 1235 1377 1280 homi-

147 1305 255 1336 num
294 1306 345 1337 ac
382 1292 527 1337 minsis
565 1293 768 1338 diuturna
788 1293 895 1349 vita,
931 1295 1019 1340 hoc
1041 1297 1186 1360 magis
1208 1298 1380 1360 respub·

148 1352 249 1409 lica,
288 1354 393 1399 dum
428 1371 506 1415 per
547 1357 650 1402 deos
692 1356 960 1404 immortales
992 1360 1111 1415 licet,
1148 1361 1232 1406 frui
1255 1362 1383 1409 debet

148 1417 306 1463 summi
332 1419 505 1464 homini
528 1420 621 1464 vita
642 1431 772 1481 atque
793 1421 970 1468 virtute.
1039 1424 1104 1468 At
1125 1426 1245 1471 enim
1266 1425 1396 1472 nihil.

148 1482 254 1525 novi
275 1483 347 1528 fiat
370 1495 522 1528 contra
552 1483 759 1544 exempla
780 1495 908 1546 atque
931 1486 1120 1534 instituta
1143 1488 1380 1547 majorum.

150 1546 262 1591 Non
283 1545 383 1591 dico
399 1545 487 1591 hoc
507 1547 622 1602 loco,
658 1547 844 1605 majores
867 1550 1027 1595 nostros
1057 1551 1224 1612 semper
1239 1552 1284 1598 in
1306 1568 1381 1614 pa⁴

149 1623 200 1654 ce
230 1609 544 1664 consuetudini,
583 1610 628 1655 in
663 1610 779 1657 bello
796 1611 990 1668 utilitati,
1016 1615 1231 1676 paruiffe;
1270 1615 1379 1662 sem-

147 1687 226 1733 per
247 1672 302 1717 ad
322 1688 459 1718 novos
497 1671 614 1719 casus
645 1685 909 1750 temporum,
946 1692 1160 1724 novorum
1184 1680 1381 1726 consilio-

147 1751 246 1781 rum
268 1736 454 1782 rationes
476 1738 824 1785 accommodasse
848 1756 858 1785 z
893 1755 983 1786 non
1004 1741 1151 1788 dicam
1164 1742 1250 1788 duo
1267 1743 1381 1790 bella

148 1799 364 1855 maxima,
400 1801 630 1856 Punicum,
668 1807 709 1847 δε
731 1801 1035 1864 Hispaniense,
1064 1806 1121 1851 ab
1141 1821 1229 1852 uno
1243 1806 1382 1869 impe-

146 1874 287 1908 ratore
308 1864 388 1909 effe
410 1865 633 1916 confectam
657 1865 760 1912 duas
782 1866 908 1912 urbes
930 1869 1251 1929 potentissimas,
1282 1886 1380 1932 quae

146 1925 253 1972 huic
285 1926 472 1987 imperio
489 1927 689 1976 maxime
706 1929 1000 1987 minabantur,
1039 1932 1377 1995 Carthaginem,

146 2000 277 2051 atque
301 1990 614 2048 Numantiam,
655 1993 711 2039 ab
743 1994 901 2039 eodem
921 1994 1128 2056 Scipione
1164 1998 1245 2044 effe
1266 1998 1379 2045 dele·

144 2064 236 2098 tas:
270 2069 357 2099 non
393 2057 770 2112 commemorabo,
814 2073 953 2118 nuper
988 2057 1050 2106 ita
1085 2059 1214 2106 vobis
1247 2061 1379 2123 patri·
1419 2088 1430 2096 -

145 2115 309 2177 busque
332 2118 477 2163 vestris
498 2120 578 2164 effe
600 2119 756 2175 visum,
781 2132 828 2166 ut
850 2121 897 2166 in
927 2139 1013 2168 uno
1037 2123 1092 2169 C.
1119 2125 1271 2171 Mario
1286 2124 1377 2188 spes

142 2178 321 2240 imperii
341 2189 606 2241 poneretur-3
651 2195 700 2229 ut
722 2183 839 2230 idem
860 2200 963 2231 cum
985 2186 1219 2248 Jugurthfi,
1255 2188 1378 2236 idem
1414 2208 1424 2234 ·,

143 2257 244 2289 cum
269 2244 481 2299 Cimbris,
517 2245 637 2291 idem
657 2262 758 2292 cum
779 2249 1027 2294 Theutonis
1049 2250 1214 2296 bellum
1235 2252 1375 2299 admi-

142 2306 349 2352 nistrare-t.
387 2307 432 2353 in
469 2309 562 2368 ipso
595 2310 680 2355 Cn.
707 2311 936 2373 Pompeio,
967 2313 1013 2358 in
1035 2330 1122 2375 quo
1145 2316 1249 2360 novi
1273 2331 1377 2364 con-
1416 2341 1417 2344 ¹

143 2368 256 2417 stitui
283 2370 397 2418 nihil
419 2372 513 2421 vult
529 2373 602 2437 Q
616 2373 812 2433 Catulus,
840 2373 972 2437 quam
988 2378 1225 2427 multafint
1238 2394 1368 2434 nova,
1401 2427 1403 2429 ,

1203 2441 1371 2490 summa
