1437 2589
206 100 332 158 'Pro
365 99 529 177 Lege
558 100 974 158 MANILIA.
1157 100 1267 176 165

33 210 120 240 non
155 193 314 240 eodem
345 193 605 239 labefaftata
647 204 770 239 motu
809 194 1055 240 concidant.
1124 194 1274 256 Qare

33 258 192 312 videte,
235 273 344 303 num
379 257 667 303 dubitandum
687 256 811 302 vobis
841 256 892 302 fit
913 257 1035 303 omni
1056 257 1195 302 studio
1218 258 1275 303 ad

33 320 81 366 id
113 320 279 366 bellum
313 320 582 375 incumbere,
620 320 668 365 in
692 336 779 381 quo
820 319 964 381 gloria
988 320 1181 366 nominis
1202 335 1276 366 ve-

33 383 121 437 stri,
163 382 270 429 salus
288 383 522 439 sociorum,
569 382 806 445 veetigalia
834 383 1051 439 maxima,
1092 384 1275 430 fortunae

34 444 325 508 plurimorum
364 446 530 492 civium
573 461 676 492 cum
708 446 934 508 republica
976 446 1274 493 defenduntur.

35 510 266 572 Qoniam
294 509 348 555 de
372 525 531 571 genere
548 509 654 556 belli
677 509 788 566 dixi,
833 525 948 556 nunc
969 510 1024 556 de
1057 510 1278 572 magnitu-

32 572 138 618 dine
161 587 301 635 pauca
337 573 498 619 dicam.
567 573 707 620 Potest
741 573 864 620 enim
897 574 984 619 hoc
1021 574 1126 629 dici,
1174 573 1278 619 beili

38 651 174 698 genus
195 637 278 682 effe
308 633 371 682 ita
388 636 686 692 necessarium,
734 649 780 683 ut
801 637 853 683 fit
879 637 1134 697 gerendum,
1192 653 1280 684 non

30 700 117 744 effe
139 696 202 745 ita
223 713 453 760 magnum,
490 712 539 745 ut
567 700 617 747 sit
634 699 1038 761 pertimescendum.
1107 703 1162 747 In
1192 716 1282 763 quo

36 760 235 808 maxime
267 763 557 809 laborandum
593 764 666 819 est,
704 761 759 809 ne
797 760 907 809 forte
934 761 961 809 a
993 763 1132 821 vobis,
1184 779 1282 827 quae

36 824 362 886 diligentissime
382 827 653 886 providenda
695 826 802 882 sunt,
848 828 1168 874 contemnenda
1199 829 1282 875 esse

35 889 280 934 videantur.
348 890 497 951 Atque
528 901 576 935 ut:
613 905 764 936 omnes
802 891 1068 952 intelligant,
1111 908 1183 938 me
1225 892 1280 939 L.

38 951 225 998 Lucullo
266 962 437 998 tantum
474 953 693 1014 impertiri
732 953 887 1008 laudis,
934 967 1146 1015 quantum
1179 955 1284 1002 forti

38 1016 135 1060 viro
170 1019 210 1060 &
229 1013 532 1076 sapientissimo
554 1016 746 1072 homini,
768 1022 808 1062 δε
827 1032 994 1079 magno
1017 1020 1283 1080 Imperatori

34 1077 274 1129 debeatur3
310 1078 426 1134 dico,
446 1079 536 1139 ejus
559 1079 746 1126 adventu
763 1081 983 1127 maximas
1007 1082 1284 1130 Mithridatis

35 1141 204 1202 copim,
238 1142 444 1187 omnibus
466 1141 592 1188 rebus
625 1155 798 1189 ornatas
821 1155 948 1206 atque
976 1145 1194 1192 instrustas
1219 1146 1283 1193 fii-

36 1204 125 1258 iss'e,
150 1202 388 1266 urbemque
412 1206 525 1252 Afiae
541 1206 831 1263 clarissimam,
859 1208 1065 1270 nobisque
1088 1209 1285 1256 amicissi-

38 1283 177 1321 mam,
218 1269 558 1328 Cyzicenorum,
596 1270 806 1317 obseffam
841 1273 922 1318 effe
960 1273 1016 1319 ab
1052 1273 1146 1335 ipso
1180 1289 1285 1336 rege

36 1331 240 1376 maxima
260 1331 553 1387 multitudine,
595 1338 636 1379 δι
675 1347 976 1396 oppugnatam
998 1337 1286 1386 vehementis³

38 1393 172 1444 sime3
207 1409 341 1454 quam
368 1395 421 1440 L.
453 1396 657 1442 Lucullus
680 1398 852 1453 virtute,
890 1399 1136 1457 assiduitate,
1182 1418 1284 1449 con-

39 1456 149 1511 filio,
195 1456 372 1503 summis
417 1458 654 1505 obsidionis
700 1461 903 1523 periculis
938 1463 1157 1510 liberavit.
1205 1466 1283 1512 Ab

39 1519 194 1565 eodem
216 1521 478 1581 imperatore
513 1523 685 1569 clafl'em
729 1540 944 1586 magnam
979 1532 1020 1573 <Sc
1060 1541 1280 1585 ornatam,

38 1598 135 1643 quae
156 1582 334 1629 ducibus
367 1586 625 1633 Sertorianis
659 1588 713 1633 ad
736 1589 915 1635 Italiam
950 1589 1087 1637 studio
1110 1592 1285 1640 inflam-

41 1657 162 1692 mato
181 1659 416 1708 raperetur,
449 1648 691 1710 superatam
710 1651 807 1706 effe,
854 1665 983 1714 atque
1006 1654 1244 1716 depressam
1270 1674 1306 1715 z,

41 1724 224 1770 magnas
248 1710 437 1757 hostium
460 1724 665 1772 praeterea
685 1715 835 1775 copias
850 1717 997 1762 multis
1020 1719 1178 1778 praeliis
1201 1721 1283 1767 effe

40 1772 198 1817 deletas
233 1791 246 1823 3
304 1775 652 1837 patefaeh'imque
699 1779 849 1824 nostris
904 1780 1148 1842 legionibus
1201 1783 1284 1829 elle

41 1835 243 1890 Pontum,
279 1837 354 1897 qui
378 1835 476 1883 ante
499 1840 662 1900 populo
681 1841 888 1887 Romano
921 1860 975 1888 ex
1017 1847 1139 1891 omni
1161 1847 1282 1893 aditu

38 1897 201 1944 clausus
224 1899 348 1944 effet:
383 1901 575 1962 Sinopen
611 1916 740 1965 atque
779 1904 1001 1962 Amisum,
1048 1910 1204 1970 quibus
1237 1912 1282 1956 in

39 1961 215 2022 oppidis
247 1974 370 2008 erant
412 1964 640 2011 domicilia
663 1968 795 2029 regis,
827 1970 1027 2015 omnibus
1068 1973 1191 2018 rebus
1214 1989 1281 2020 oi·-

39 2036 142 2070 nata
163 2037 291 2086 atque
325 2025 494 2083 referta,
532 2030 786 2092 caeterasque
808 2032 935 2079 urbes
953 2035 1080 2081 Ponti
1106 2041 1145 2082 δε
1167 2037 1282 2099 Cap—

39 2087 238 2147 padociae
270 2090 503 2152 permultas
537 2108 622 2138 uno
655 2094 775 2140 aditu
809 2107 937 2157 atque
975 2098 1162 2146 adventu
1199 2103 1281 2147 effe

41 2162 226 2211 captas:
285 2168 438 2215 regem
483 2153 715 2216 spoliatum
755 2172 894 2219 regno
933 2163 1092 2222 patrio,
1155 2159 1284 2226 atque

0 2254 3 2262 ,
39 2214 176 2280 avito,
254 2215 309 2260 ad
369 2217 472 2263 alios
524 2217 566 2264 se
604 2234 728 2281 reges
773 2233 902 2283 atque
963 2224 1068 2271 alias
1129 2239 1278 2288 gentes

41 2275 283 2338 supplicem
298 2280 518 2327 contulisse
542 2300 551 2327 ε
587 2294 715 2344 atque
748 2284 841 2330 haec
864 2288 1016 2333 omnia
1053 2288 1177 2335 salvis
1204 2308 1282 2351 po-

43 2341 137 2401 puli
164 2342 360 2388 Romani
382 2342 658 2407 socius-,tque
677 2347 858 2409 integris
876 2352 1279 2412 veetigalibusJum

10 2441 13 2444 Α
45 2402 173 2465 gesta.
242 2406 353 2453 Satis
371 2407 531 2470 opinor
553 2409 637 2458 hoc
660 2411 741 2521 eil}
763 2411 902 2460 laudis
926 2432 935 2461 ;
973 2426 1099 2477 atque
1130 2414 1191 2462 ita
1216 2435 1278 2463 re-

1159 2492 1276 2542 pete,

0 2581 134 2589 ..s-Ah.ss
143 2581 263 2589 &Aa-h„
