1437 2589
151 102 228 159 26
516 100 1068 159 ORATIO

145 195 296 253 Qare
330 209 481 242 omnes
512 206 570 250 te,
608 193 682 256 qui
718 194 813 240 haec
856 194 974 240 salva
1006 194 1088 240 este
1109 194 1326 249 volumus,
1363 200 1405 242 ἃ·

141 256 388 314 hortamur,
429 263 470 304 ἃς
496 258 787 312 obsecramUS,
833 269 881 303 ut
917 258 1035 312 vstae,
1075 270 1121 303 ut
1157 257 1278 303 saluti
1322 270 1410 304 tuae

140 323 333 368 consulas
352 341 361 368 :
382 320 632 383 Omnesque
649 321 731 367 tibi
759 325 821 380 (ut
841 337 922 382 pro
956 321 1053 366 aliis
1076 321 1209 367 etiam
1233 321 1404 383 loquar,

139 386 258 447 quod
292 387 345 432 de
378 402 449 430 me
492 384 581 447 ipse
617 385 768 446 sentio)
803 385 1014 447 quoniam
1052 384 1210 431 subesse
1233 384 1404 446 aliquid

138 461 264 509 putas
287 449 406 512 qued
423 449 663 495 cavendum
683 449 746 503 sit,
783 465 872 495 non
889 447 1022 495 modo
1043 447 1251 494 excubias
1277 452 1317 494 &
1333 463 1406 495 cu-

137 512 312 567 stodias,
364 513 434 557 sed
472 513 608 558 etiam
637 512 821 558 laterum
844 512 1088 557 nostrorum
1114 510 1332 573 oppositus
1361 515 1403 558 &

137 589 378 637 corporum
414 576 686 636 pollicemur.
757 574 842 621 Sed
878 585 937 631 ut,
974 575 1087 621 unde
1110 576 1168 620 est
1205 573 1315 632 orsa,
1356 575 1404 622 in

133 639 292 685 eodem
347 640 601 685 terminetur
650 639 791 684 oratio
838 654 977 688 mea3
1053 638 1274 685 maximas
1318 639 1402 686 tibi

134 719 287 749 omnes
327 703 489 765 gratias
534 703 724 764 agimus,
764 702 818 747 C.
846 702 1004 756 Caesar,
1040 701 1228 761 majores
1263 702 1401 750 etiam

134 766 367 812 habemus.
438 767 567 813 Nam
594 783 745 812 omnes
784 764 904 811 idem
936 765 1140 821 sentiunt,
1186 765 1304 829 quod
1342 783 1400 813 ex

131 831 338 876 omnium
382 831 582 891 precibus
640 834 680 875 δε
735 829 942 890 lacrymis
1002 828 1156 875 sentire
1207 830 1398 891 potuisti.

132 894 234 949 Sed,
270 894 375 955 quia
393 911 480 940 non
494 895 551 940 est
573 893 778 939 stantibus
803 892 1008 939 omnibus
1040 893 1204 939 necesse
1234 893 1396 951 dicere,

129 954 159 1004 ὲ
176 974 247 1003 me
265 955 381 1002 certe
398 958 487 1003 dici
509 958 679 1011 volunt,
700 957 770 1002 cui
794 956 956 1002 necess'e
973 956 1030 1001 est
1048 956 1396 1018 quodammodo,

131 1024 176 1067 &
194 1020 312 1083 quod
335 1021 504 1074 volunt,
530 1026 570 1067 δε
589 1020 721 1083 qued,
758 1020 831 1065 M.
858 1019 1075 1065 Marcello
1093 1017 1118 1065 ὲ
1136 1032 1176 1066 te
1200 1021 1305 1067 huic
1328 1038 1398 1067 or-

128 1084 225 1130 dini
260 1086 510 1146 populoque
551 1086 687 1131 Rom.
725 1088 765 1128 &
799 1083 907 1145 reip.
954 1083 1139 1138 reddito,
1176 1083 1397 1146 praecipue

127 1147 177 1194 id
203 1145 318 1195 z‘ime
341 1148 432 1194 fieri
455 1148 613 1195 debere
644 1147 861 1208 intelligo.
904 1162 1010 1192 nam
1045 1147 1182 1192 laetari
1222 1165 1390 1206 omnes,

128 1228 220 1259 non
253 1223 300 1258 ut
321 1212 375 1257 de
397 1212 521 1257 unius
560 1211 715 1266 solum,
754 1211 824 1256 sed
856 1221 903 1256 ut
922 1210 976 1256 de
999 1212 1226 1257 communi
1249 1213 1396 1260 omni-

126 1292 203 1321 um
221 1273 372 1331 salute,
408 1274 560 1322 sentio.
631 1273 765 1338 Qod
808 1285 953 1319 autem
988 1273 1167 1320 summae
1204 1275 1392 1324 benevo-

122 1339 271 1386 lentiae
303 1340 377 1395 est,
415 1355 511 1401 quae
541 1355 643 1385 mea
684 1353 791 1400 erga
824 1337 951 1383 illum
987 1337 1190 1383 omnibus
1223 1339 1392 1401 semper

120 1414 227 1449 nota
244 1403 342 1458 fuit,
380 1414 426 1449 ut
447 1403 525 1448 vix
568 1404 620 1449 C.
643 1401 860 1448 Marcello
888 1401 1059 1462 optimo
1084 1406 1125 1446 δε
1158 1405 1393 1451 amantiffi-

120 1483 200 1513 mo
238 1467 378 1522 fratri,
415 1478 570 1527 praeter
613 1482 715 1511 eum
759 1464 939 1526 quidem
961 1464 1159 1511 cederem
1181 1467 1386 1514 nemini:

119 1531 225 1576 cum
246 1531 294 1576 id
322 1529 610 1584 solicitudine,
652 1529 771 1583 cusai,
809 1528 959 1573 labore
997 1528 1166 1573 tamdiu
1186 1531 1388 1590 praestite-

115 1593 224 1650 rim,
282 1593 495 1655 quamdiu
545 1595 604 1639 est
647 1593 701 1638 de
760 1591 876 1637 illius
928 1591 1059 1636 salute
1102 1591 1384 1641 dubitatum:

126 1654 244 1704 certe
281 1657 370 1705 hcc
394 1670 589 1718 tempore
612 1655 786 1717 magnis
803 1655 931 1710 curiS‚
968 1654 1190 1711 molestiis,
1225 1657 1387 1704 dolori-

113 1720 198 1770 bus
231 1720 456 1776 liberatus,
483 1721 678 1782 praestare
702 1718 855 1765 debeo.
925 1719 1095 1780 Itaque,
1143 1721 1198 1766 C.
1220 1721 1383 1780 Caesar,

121 1784 181 1832 sic
199 1784 283 1831 tibi
319 1785 483 1846 gratias
508 1799 611 1847 ago,
647 1794 694 1829 ut
715 1782 920 1829 omnibus
942 1798 1013 1828 me
1038 1782 1164 1829 rebus
1182 1782 1208 1830 ὲ
1230 1795 1272 1830 te
1293 1802 1383 1832 non

117 1846 370 1894 conservato
387 1847 543 1904 solum,
584 1847 656 1894 sed
676 1846 813 1893 etiam
835 1858 1004 1902 ornato,
1047 1858 1194 1892 tamen
1216 1848 1272 1894 ad
1310 1861 1383 1895 tua
1436 1858 1437 1877 ³

114 1910 458 1958 innumerabilia
491 1911 538 1957 in
563 1927 637 1959 me
658 1927 792 1956 unum
809 1911 985 1964 merita,
1019 1910 1136 1971 quod
1164 1911 1255 1957 fieri
1284 1912 1381 1973 jam

113 1975 232 2038 poffe
253 1992 342 2022 non
380 1974 642 2032 arbitrabar,
679 1973 901 2021 maximus
941 1973 1027 2019 hoc
1064 1986 1138 2020 tuo
1170 1974 1284 2023 facto
1308 1992 1384 2023 cu-

114 2038 259 2093 mulus
281 2039 518 2089 accesserit‚

1163 2311 1208 2356 o
1242 2308 1285 2356 R
1311 2275 1410 2373 -A-‚n
