<?xml version="1.0" encoding="UTF-8"?>
<!DOCTYPE html PUBLIC "-//W3C//DTD XHTML 1.0 Transitional//EN"
    "http://www.w3.org/TR/xhtml1/DTD/xhtml1-transitional.dtd">
<html xmlns="http://www.w3.org/1999/xhtml" xml:lang="en" lang="en">
 <head>
  <title>
</title>
<meta http-equiv="Content-Type" content="text/html;charset=utf-8" />
  <meta name='ocr-system' content='tesseract 3.04.00' />
  <meta name='ocr-capabilities' content='ocr_page ocr_carea ocr_par ocr_line ocrx_word'/>
</head>
<body>
  <div class='ocr_page' id='page_1' title='image "./mtulliiciceronis00cice/mtulliiciceronis00cice_0050.png"; bbox 0 0 2912 4368; ppageno 0'>
   <div class='ocr_carea' id='block_1_1' title="bbox 10 0 1683 5">
    <p class='ocr_par' dir='ltr' id='par_1_1' title="bbox 10 0 1683 5">
     <span class='ocr_line' id='line_1_1' title="bbox 10 0 1683 5; baseline 0 0"><span class='ocrx_word' id='word_1_1' title='bbox 10 0 1683 5; x_wconf 95' lang='lat' dir='ltr'> </span> 
     </span>
    </p>
   </div>
   <div class='ocr_carea' id='block_1_2' title="bbox 1194 2238 1245 2765">
    <p class='ocr_par' dir='ltr' id='par_1_2' title="bbox 1191 2238 1245 2765">
     <span class='ocr_line' id='line_1_2' title="bbox 1194 2238 1245 2765; textangle 90"><span class='ocrx_word' id='word_1_2' title='bbox 1194 2552 1244 2765; x_wconf 29' lang='lat' dir='ltr'>&#39;‘sva-effu}</span> <span class='ocrx_word' id='word_1_3' title='bbox 1212 2502 1245 2513; x_wconf 79' lang='grc'>·;</span> <span class='ocrx_word' id='word_1_4' title='bbox 1227 2238 1231 2242; x_wconf 97' lang='grc'><em>.</em></span> 
     </span>
    </p>
   </div>
   <div class='ocr_carea' id='block_1_3' title="bbox 1209 2867 1239 2955">
    <p class='ocr_par' dir='ltr' id='par_1_3' title="bbox 1209 2867 1239 2955">
     <span class='ocr_line' id='line_1_3' title="bbox 1209 2867 1239 2955; textangle 90"><span class='ocrx_word' id='word_1_5' title='bbox 1209 2867 1239 2955; x_wconf 46' lang='lat' dir='ltr'>&#39;KR-¹.</span> 
     </span>
    </p>
   </div>
   <div class='ocr_carea' id='block_1_4' title="bbox 1545 2719 2788 2786">
    <p class='ocr_par' dir='ltr' id='par_1_4' title="bbox 1545 2719 2788 2786">
     <span class='ocr_line' id='line_1_4' title="bbox 1545 2719 2788 2786; baseline -0.002 -20"><span class='ocrx_word' id='word_1_6' title='bbox 1545 2725 1552 2732; x_wconf 80' lang='lat'>&#39;</span> <span class='ocrx_word' id='word_1_7' title='bbox 1585 2719 1786 2778; x_wconf 78' lang='lat' dir='ltr'>Sabinos,</span> <span class='ocrx_word' id='word_1_8' title='bbox 1824 2724 1907 2769; x_wconf 85' lang='lat' dir='ltr'>tibi</span> <span class='ocrx_word' id='word_1_9' title='bbox 1947 2724 2283 2786; x_wconf 76' lang='lat' dir='ltr'>probatiffimOS,</span> <span class='ocrx_word' id='word_1_10' title='bbox 2338 2733 2565 2782; x_wconf 82' lang='lat' dir='ltr'>totumque</span> <span class='ocrx_word' id='word_1_11' title='bbox 2604 2735 2788 2781; x_wconf 86' lang='lat' dir='ltr'>agrum·</span> 
     </span>
    </p>
   </div>
   <div class='ocr_carea' id='block_1_5' title="bbox 1486 0 2912 4368">
    <p class='ocr_par' dir='ltr' id='par_1_5' title="bbox 1486 0 2912 4368">
     <span class='ocr_line' id='line_1_5' title="bbox 1486 0 2912 1091; baseline 0 -148"><span class='ocrx_word' id='word_1_12' title='bbox 1486 0 2912 1091; x_wconf 95' lang='lat' dir='ltr'>     </span> 
     </span>
     <span class='ocr_line' id='line_1_6' title="bbox 2792 1091 2912 1302; baseline 0 -12"><span class='ocrx_word' id='word_1_13' title='bbox 2792 1091 2912 1302; x_wconf 95' lang='lat' dir='ltr'>    </span> 
     </span>
     <span class='ocr_line' id='line_1_7' title="bbox 2792 1302 2912 1547; baseline 0 -63"><span class='ocrx_word' id='word_1_14' title='bbox 2792 1302 2912 1547; x_wconf 95' lang='lat' dir='ltr'>   </span> 
     </span>
     <span class='ocr_line' id='line_1_8' title="bbox 2792 1548 2912 1738; baseline 0 -65"><span class='ocrx_word' id='word_1_15' title='bbox 2792 1548 2912 1738; x_wconf 95' lang='lat' dir='ltr'>  </span> 
     </span>
     <span class='ocr_line' id='line_1_9' title="bbox 2792 1738 2912 1928; baseline 0 -51"><span class='ocrx_word' id='word_1_16' title='bbox 2792 1738 2912 1928; x_wconf 95' lang='lat' dir='ltr'>   </span> 
     </span>
     <span class='ocr_line' id='line_1_10' title="bbox 2792 1928 2912 2155; baseline 0 -87"><span class='ocrx_word' id='word_1_17' title='bbox 2792 1928 2912 2155; x_wconf 95' lang='lat' dir='ltr'>    </span> 
     </span>
     <span class='ocr_line' id='line_1_11' title="bbox 2792 2307 2912 2563; baseline 0 -64"><span class='ocrx_word' id='word_1_18' title='bbox 2792 2307 2912 2563; x_wconf 95' lang='lat' dir='ltr'>    </span> 
     </span>
     <span class='ocr_line' id='line_1_12' title="bbox 2792 2563 2912 2733; baseline 0 -33"><span class='ocrx_word' id='word_1_19' title='bbox 2792 2563 2912 2733; x_wconf 95' lang='lat' dir='ltr'>   </span> 
     </span>
     <span class='ocr_line' id='line_1_13' title="bbox 2792 2733 2912 3000; baseline 0 -82"><span class='ocrx_word' id='word_1_20' title='bbox 2792 2733 2912 3000; x_wconf 95' lang='lat' dir='ltr'>    </span> 
     </span>
     <span class='ocr_line' id='line_1_14' title="bbox 2792 3000 2912 3132; baseline 0 0"><span class='ocrx_word' id='word_1_21' title='bbox 2792 3000 2912 3132; x_wconf 95' lang='lat' dir='ltr'>  </span> 
     </span>
     <span class='ocr_line' id='line_1_15' title="bbox 2768 3132 2912 4368; baseline 0 0"><span class='ocrx_word' id='word_1_22' title='bbox 2768 3132 2912 4368; x_wconf 95' lang='lat' dir='ltr'>      </span> 
     </span>
    </p>
   </div>
   <div class='ocr_carea' id='block_1_6' title="bbox 1578 978 2507 1054">
    <p class='ocr_par' dir='ltr' id='par_1_6' title="bbox 1578 978 2507 1054">
     <span class='ocr_line' id='line_1_16' title="bbox 1578 978 2507 1054; baseline 0.001 -20"><span class='ocrx_word' id='word_1_23' title='bbox 1578 980 1651 1054; x_wconf 78' lang='lat'>38</span> <span class='ocrx_word' id='word_1_24' title='bbox 1952 978 2507 1036; x_wconf 83' lang='lat' dir='ltr'>ORATIO</span> 
     </span>
    </p>
   </div>
   <div class='ocr_carea' id='block_1_7' title="bbox 1569 1071 2788 2723">
    <p class='ocr_par' dir='ltr' id='par_1_7' title="bbox 1569 1071 2786 2212">
     <span class='ocr_line' id='line_1_17' title="bbox 1569 1071 2784 1136; baseline 0 -18"><span class='ocrx_word' id='word_1_25' title='bbox 1569 1073 1737 1134; x_wconf 71' lang='lat' dir='ltr'>legatus</span> <span class='ocrx_word' id='word_1_26' title='bbox 1777 1082 1875 1118; x_wconf 84' lang='lat' dir='ltr'>ante</span> <span class='ocrx_word' id='word_1_27' title='bbox 1913 1073 2080 1118; x_wconf 88' lang='lat' dir='ltr'>bellum</span> <span class='ocrx_word' id='word_1_28' title='bbox 2120 1071 2352 1134; x_wconf 66' lang='lat' dir='ltr'>profectus,</span> <span class='ocrx_word' id='word_1_29' title='bbox 2409 1072 2577 1118; x_wconf 62' lang='lat' dir='ltr'>relictus</span> <span class='ocrx_word' id='word_1_30' title='bbox 2630 1075 2677 1119; x_wconf 89' lang='lat' dir='ltr'>in</span> <span class='ocrx_word' id='word_1_31' title='bbox 2716 1088 2784 1136; x_wconf 84' lang='lat' dir='ltr'>pa‹</span> 
     </span>
     <span class='ocr_line' id='line_1_18' title="bbox 1572 1136 2784 1197; baseline 0.001 -15"><span class='ocrx_word' id='word_1_32' title='bbox 1572 1136 1688 1182; x_wconf 85' lang='lat' dir='ltr'>bello</span> <span class='ocrx_word' id='word_1_33' title='bbox 1705 1137 1937 1197; x_wconf 77' lang='lat' dir='ltr'>oppreffuS,</span> <span class='ocrx_word' id='word_1_34' title='bbox 1974 1137 2021 1181; x_wconf 90' lang='lat' dir='ltr'>in</span> <span class='ocrx_word' id='word_1_35' title='bbox 2053 1152 2107 1181; x_wconf 91' lang='lat' dir='ltr'>eo</span> <span class='ocrx_word' id='word_1_36' title='bbox 2130 1152 2219 1182; x_wconf 90' lang='lat' dir='ltr'>non</span> <span class='ocrx_word' id='word_1_37' title='bbox 2241 1136 2436 1191; x_wconf 63' lang='lat' dir='ltr'>acerbrw,</span> <span class='ocrx_word' id='word_1_38' title='bbox 2472 1148 2567 1182; x_wconf 88' lang='lat' dir='ltr'>tum</span> <span class='ocrx_word' id='word_1_39' title='bbox 2589 1137 2725 1183; x_wconf 88' lang='lat' dir='ltr'>etiam</span> <span class='ocrx_word' id='word_1_40' title='bbox 2759 1137 2784 1182; x_wconf 80' lang='lat' dir='ltr'>fi</span> 
     </span>
     <span class='ocr_line' id='line_1_19' title="bbox 1572 1199 2784 1260; baseline 0.002 -16"><span class='ocrx_word' id='word_1_41' title='bbox 1572 1210 1685 1245; x_wconf 86' lang='lat' dir='ltr'>totus</span> <span class='ocrx_word' id='word_1_42' title='bbox 1709 1200 1860 1245; x_wconf 90' lang='lat' dir='ltr'>animo</span> <span class='ocrx_word' id='word_1_43' title='bbox 1902 1204 1942 1245; x_wconf 69' lang='grc' dir='ltr'>ἃς</span> <span class='ocrx_word' id='word_1_44' title='bbox 1982 1200 2120 1247; x_wconf 86' lang='lat' dir='ltr'>studio</span> <span class='ocrx_word' id='word_1_45' title='bbox 2142 1211 2252 1245; x_wconf 87' lang='lat' dir='ltr'>tuus.</span> <span class='ocrx_word' id='word_1_46' title='bbox 2321 1200 2396 1245; x_wconf 87' lang='lat' dir='ltr'>Ad</span> <span class='ocrx_word' id='word_1_47' title='bbox 2429 1199 2624 1260; x_wconf 86' lang='lat' dir='ltr'>judicem</span> <span class='ocrx_word' id='word_1_48' title='bbox 2669 1201 2726 1247; x_wconf 84' lang='lat' dir='ltr'>fic</span> <span class='ocrx_word' id='word_1_49' title='bbox 2765 1216 2784 1246; x_wconf 79' lang='lat' dir='ltr'>a</span> 
     </span>
     <span class='ocr_line' id='line_1_20' title="bbox 1569 1261 2783 1325; baseline 0.001 -17"><span class='ocrx_word' id='word_1_50' title='bbox 1569 1261 1689 1309; x_wconf 85' lang='lat' dir='ltr'>solet.</span> <span class='ocrx_word' id='word_1_51' title='bbox 1748 1263 1818 1308; x_wconf 84' lang='lat' dir='ltr'>sed</span> <span class='ocrx_word' id='word_1_52' title='bbox 1855 1278 1941 1325; x_wconf 86' lang='lat' dir='ltr'>ego</span> <span class='ocrx_word' id='word_1_53' title='bbox 1979 1263 2035 1309; x_wconf 85' lang='lat' dir='ltr'>ad</span> <span class='ocrx_word' id='word_1_54' title='bbox 2057 1274 2285 1325; x_wconf 84' lang='lat' dir='ltr'>parentem</span> <span class='ocrx_word' id='word_1_55' title='bbox 2305 1263 2493 1325; x_wconf 84' lang='lat' dir='ltr'>loquor:</span> <span class='ocrx_word' id='word_1_56' title='bbox 2549 1264 2722 1320; x_wconf 89' lang='lat' dir='ltr'>Erravi‚</span> <span class='ocrx_word' id='word_1_57' title='bbox 2780 1280 2783 1287; x_wconf 89' lang='lat'>·</span> 
     </span>
     <span class='ocr_line' id='line_1_21' title="bbox 1572 1323 2784 1388; baseline -0.001 -16"><span class='ocrx_word' id='word_1_58' title='bbox 1572 1323 1692 1372; x_wconf 72' lang='lat' dir='ltr'>mere</span> <span class='ocrx_word' id='word_1_59' title='bbox 1723 1325 1825 1382; x_wconf 86' lang='lat' dir='ltr'>feci,</span> <span class='ocrx_word' id='word_1_60' title='bbox 1862 1327 2058 1388; x_wconf 80' lang='lat' dir='ltr'>poenitet.</span> <span class='ocrx_word' id='word_1_61' title='bbox 2127 1327 2201 1372; x_wconf 86' lang='lat' dir='ltr'>Ad</span> <span class='ocrx_word' id='word_1_62' title='bbox 2235 1326 2517 1373; x_wconf 88' lang='lat' dir='ltr'>clementiam</span> <span class='ocrx_word' id='word_1_63' title='bbox 2538 1339 2661 1374; x_wconf 86' lang='lat' dir='ltr'>tuam</span> <span class='ocrx_word' id='word_1_64' title='bbox 2692 1343 2784 1373; x_wconf 86' lang='lat' dir='ltr'>con:</span> 
     </span>
     <span class='ocr_line' id='line_1_22' title="bbox 1572 1388 2784 1452; baseline 0.002 -18"><span class='ocrx_word' id='word_1_65' title='bbox 1572 1390 1669 1452; x_wconf 86' lang='lat' dir='ltr'>gio,</span> <span class='ocrx_word' id='word_1_66' title='bbox 1704 1388 1852 1435; x_wconf 70' lang='lat' dir='ltr'>deliffi</span> <span class='ocrx_word' id='word_1_67' title='bbox 1887 1391 2066 1437; x_wconf 87' lang='lat' dir='ltr'>veniam</span> <span class='ocrx_word' id='word_1_68' title='bbox 2089 1401 2207 1452; x_wconf 79' lang='lat' dir='ltr'>pete,</span> <span class='ocrx_word' id='word_1_69' title='bbox 2264 1402 2311 1437; x_wconf 89' lang='lat' dir='ltr'>ut</span> <span class='ocrx_word' id='word_1_70' title='bbox 2332 1390 2532 1452; x_wconf 80' lang='lat' dir='ltr'>ignoscas</span> <span class='ocrx_word' id='word_1_71' title='bbox 2555 1407 2661 1437; x_wconf 91' lang='lat' dir='ltr'>oro:</span> <span class='ocrx_word' id='word_1_72' title='bbox 2713 1390 2745 1436; x_wconf 88' lang='lat' dir='ltr'><strong>fi</strong></span> <span class='ocrx_word' id='word_1_73' title='bbox 2770 1407 2784 1436; x_wconf 91' lang='lat'>1</span> 
     </span>
     <span class='ocr_line' id='line_1_23' title="bbox 1573 1451 2784 1516; baseline 0 -18"><span class='ocrx_word' id='word_1_74' title='bbox 1573 1469 1652 1499; x_wconf 87' lang='lat' dir='ltr'>mo</span> <span class='ocrx_word' id='word_1_75' title='bbox 1694 1451 1964 1514; x_wconf 83' lang='lat' dir='ltr'>impetravit,</span> <span class='ocrx_word' id='word_1_76' title='bbox 2001 1466 2290 1515; x_wconf 84' lang='lat' dir='ltr'>arroganter:</span> <span class='ocrx_word' id='word_1_77' title='bbox 2347 1454 2379 1500; x_wconf 86' lang='lat' dir='ltr'><strong>fi</strong></span> <span class='ocrx_word' id='word_1_78' title='bbox 2399 1454 2598 1516; x_wconf 85' lang='lat' dir='ltr'>plurimi,</span> <span class='ocrx_word' id='word_1_79' title='bbox 2655 1464 2700 1500; x_wconf 89' lang='lat' dir='ltr'>tu</span> <span class='ocrx_word' id='word_1_80' title='bbox 2724 1453 2784 1500; x_wconf 70' lang='lat' dir='ltr'>id&lt;</span> 
     </span>
     <span class='ocr_line' id='line_1_24' title="bbox 1572 1515 2779 1580; baseline 0 -18"><span class='ocrx_word' id='word_1_81' title='bbox 1572 1515 1638 1562; x_wconf 87' lang='lat' dir='ltr'>fer</span> <span class='ocrx_word' id='word_1_82' title='bbox 1654 1532 1804 1578; x_wconf 88' lang='lat' dir='ltr'>opem,</span> <span class='ocrx_word' id='word_1_83' title='bbox 1856 1518 1931 1579; x_wconf 86' lang='lat' dir='ltr'>qui</span> <span class='ocrx_word' id='word_1_84' title='bbox 1956 1518 2077 1579; x_wconf 87' lang='lat' dir='ltr'>spem</span> <span class='ocrx_word' id='word_1_85' title='bbox 2109 1517 2275 1563; x_wconf 78' lang='lat' dir='ltr'>dedisti.</span> <span class='ocrx_word' id='word_1_86' title='bbox 2344 1519 2420 1563; x_wconf 88' lang='lat' dir='ltr'>An</span> <span class='ocrx_word' id='word_1_87' title='bbox 2440 1517 2636 1580; x_wconf 87' lang='lat' dir='ltr'>sperandi</span> <span class='ocrx_word' id='word_1_88' title='bbox 2662 1517 2779 1579; x_wconf 87' lang='lat' dir='ltr'>Liga</span> 
     </span>
     <span class='ocr_line' id='line_1_25' title="bbox 1573 1579 2784 1642; baseline 0.001 -17"><span class='ocrx_word' id='word_1_89' title='bbox 1573 1579 1703 1625; x_wconf 87' lang='lat' dir='ltr'>causa</span> <span class='ocrx_word' id='word_1_90' title='bbox 1724 1596 1812 1626; x_wconf 91' lang='lat' dir='ltr'>non</span> <span class='ocrx_word' id='word_1_91' title='bbox 1835 1579 1901 1634; x_wconf 59' lang='lat' dir='ltr'>fif,</span> <span class='ocrx_word' id='word_1_92' title='bbox 1938 1582 2042 1628; x_wconf 69' lang='lat' dir='ltr'>ciim</span> <span class='ocrx_word' id='word_1_93' title='bbox 2064 1580 2180 1627; x_wconf 88' lang='lat' dir='ltr'>mihi</span> <span class='ocrx_word' id='word_1_94' title='bbox 2203 1581 2321 1642; x_wconf 87' lang='lat' dir='ltr'>apud</span> <span class='ocrx_word' id='word_1_95' title='bbox 2341 1592 2383 1627; x_wconf 88' lang='lat' dir='ltr'>te</span> <span class='ocrx_word' id='word_1_96' title='bbox 2400 1581 2453 1628; x_wconf 84' lang='lat' dir='ltr'>fit</span> <span class='ocrx_word' id='word_1_97' title='bbox 2468 1582 2587 1629; x_wconf 89' lang='lat' dir='ltr'>locus</span> <span class='ocrx_word' id='word_1_98' title='bbox 2606 1581 2742 1626; x_wconf 86' lang='lat' dir='ltr'>etiam</span> <span class='ocrx_word' id='word_1_99' title='bbox 2763 1596 2784 1642; x_wconf 66' lang='lat'>1</span> 
     </span>
     <span class='ocr_line' id='line_1_26' title="bbox 1574 1643 2784 1707; baseline 0.001 -19"><span class='ocrx_word' id='word_1_100' title='bbox 1574 1643 1713 1689; x_wconf 84' lang='lat' dir='ltr'>altero</span> <span class='ocrx_word' id='word_1_101' title='bbox 1752 1644 2015 1705; x_wconf 81' lang='lat' dir='ltr'>deprecandi</span> <span class='ocrx_word' id='word_1_102' title='bbox 2040 1649 2056 1690; x_wconf 83' lang='lat'>?</span> <span class='ocrx_word' id='word_1_103' title='bbox 2125 1644 2395 1707; x_wconf 81' lang='lat' dir='ltr'>Qanquam</span> <span class='ocrx_word' id='word_1_104' title='bbox 2415 1660 2555 1707; x_wconf 83' lang='lat' dir='ltr'>neque</span> <span class='ocrx_word' id='word_1_105' title='bbox 2576 1646 2624 1690; x_wconf 86' lang='lat' dir='ltr'>in</span> <span class='ocrx_word' id='word_1_106' title='bbox 2639 1644 2725 1690; x_wconf 87' lang='lat' dir='ltr'>hac</span> <span class='ocrx_word' id='word_1_107' title='bbox 2747 1661 2784 1689; x_wconf 80' lang='grc' dir='ltr'>ο]</span> 
     </span>
     <span class='ocr_line' id='line_1_27' title="bbox 1573 1705 2779 1769; baseline 0.001 -18"><span class='ocrx_word' id='word_1_108' title='bbox 1573 1706 1694 1752; x_wconf 86' lang='lat' dir='ltr'>tione</span> <span class='ocrx_word' id='word_1_109' title='bbox 1727 1705 1820 1769; x_wconf 84' lang='lat' dir='ltr'>spes</span> <span class='ocrx_word' id='word_1_110' title='bbox 1852 1708 1911 1753; x_wconf 86' lang='lat' dir='ltr'>est</span> <span class='ocrx_word' id='word_1_111' title='bbox 1932 1707 2073 1769; x_wconf 81' lang='lat' dir='ltr'>posita.</span> <span class='ocrx_word' id='word_1_112' title='bbox 2108 1706 2260 1763; x_wconf 70' lang='lat' dir='ltr'>causae,</span> <span class='ocrx_word' id='word_1_113' title='bbox 2296 1723 2376 1754; x_wconf 88' lang='lat' dir='ltr'>nec</span> <span class='ocrx_word' id='word_1_114' title='bbox 2413 1709 2460 1754; x_wconf 90' lang='lat' dir='ltr'>in</span> <span class='ocrx_word' id='word_1_115' title='bbox 2497 1722 2651 1753; x_wconf 77' lang='lat' dir='ltr'>eorum</span> <span class='ocrx_word' id='word_1_116' title='bbox 2673 1707 2779 1754; x_wconf 81' lang='lat' dir='ltr'>studi</span> 
     </span>
     <span class='ocr_line' id='line_1_28' title="bbox 1575 1768 2780 1834; baseline 0.001 -20"><span class='ocrx_word' id='word_1_117' title='bbox 1575 1770 1651 1832; x_wconf 89' lang='lat' dir='ltr'>qui</span> <span class='ocrx_word' id='word_1_118' title='bbox 1675 1768 1702 1815; x_wconf 68' lang='grc' dir='ltr'>εὶ</span> <span class='ocrx_word' id='word_1_119' title='bbox 1724 1782 1765 1816; x_wconf 86' lang='lat' dir='ltr'>te</span> <span class='ocrx_word' id='word_1_120' title='bbox 1788 1787 1868 1832; x_wconf 86' lang='lat' dir='ltr'>pro</span> <span class='ocrx_word' id='word_1_121' title='bbox 1892 1771 2081 1834; x_wconf 78' lang='lat' dir='ltr'>Ligario</span> <span class='ocrx_word' id='word_1_122' title='bbox 2118 1782 2286 1832; x_wconf 81' lang='lat' dir='ltr'>petunt,</span> <span class='ocrx_word' id='word_1_123' title='bbox 2338 1771 2402 1816; x_wconf 76' lang='lat' dir='ltr'>tui</span> <span class='ocrx_word' id='word_1_124' title='bbox 2427 1770 2662 1831; x_wconf 81' lang='lat' dir='ltr'>neceffarij.</span> <span class='ocrx_word' id='word_1_125' title='bbox 2735 1771 2780 1816; x_wconf 92' lang='lat' dir='ltr'>V</span> 
     </span>
     <span class='ocr_line' id='line_1_29' title="bbox 1576 1831 2784 1896; baseline 0 -17"><span class='ocrx_word' id='word_1_126' title='bbox 1576 1833 1714 1888; x_wconf 82' lang='lat' dir='ltr'>enim,</span> <span class='ocrx_word' id='word_1_127' title='bbox 1771 1839 1813 1879; x_wconf 73' lang='grc' dir='ltr'>δε</span> <span class='ocrx_word' id='word_1_128' title='bbox 1836 1835 2045 1895; x_wconf 85' lang='lat' dir='ltr'>cognovi,</span> <span class='ocrx_word' id='word_1_129' title='bbox 2105 1834 2213 1895; x_wconf 88' lang='lat' dir='ltr'>quid</span> <span class='ocrx_word' id='word_1_130' title='bbox 2249 1831 2449 1880; x_wconf 74' lang='lat' dir='ltr'>maxime</span> <span class='ocrx_word' id='word_1_131' title='bbox 2483 1835 2710 1896; x_wconf 69' lang='lat' dir='ltr'>spectareS,</span> <span class='ocrx_word' id='word_1_132' title='bbox 2746 1833 2784 1879; x_wconf 79' lang='lat' dir='ltr'>ci</span> 
     </span>
     <span class='ocr_line' id='line_1_30' title="bbox 1577 1896 2784 1958; baseline 0.001 -17"><span class='ocrx_word' id='word_1_133' title='bbox 1577 1911 1658 1958; x_wconf 90' lang='lat' dir='ltr'>pro</span> <span class='ocrx_word' id='word_1_134' title='bbox 1681 1896 1863 1958; x_wconf 83' lang='lat' dir='ltr'>alicujus</span> <span class='ocrx_word' id='word_1_135' title='bbox 1885 1899 2018 1945; x_wconf 85' lang='lat' dir='ltr'>salute</span> <span class='ocrx_word' id='word_1_136' title='bbox 2041 1897 2169 1943; x_wconf 90' lang='lat' dir='ltr'>multi</span> <span class='ocrx_word' id='word_1_137' title='bbox 2187 1899 2463 1944; x_wconf 80' lang='lat' dir='ltr'>laborarent:</span> <span class='ocrx_word' id='word_1_138' title='bbox 2500 1896 2645 1944; x_wconf 80' lang='lat' dir='ltr'>causas</span> <span class='ocrx_word' id='word_1_139' title='bbox 2669 1897 2784 1958; x_wconf 88' lang='lat' dir='ltr'>apud</span> 
     </span>
     <span class='ocr_line' id='line_1_31' title="bbox 1576 1960 2786 2023; baseline 0.001 -18"><span class='ocrx_word' id='word_1_140' title='bbox 1576 1960 1834 2021; x_wconf 81' lang='lat' dir='ltr'>rogantium</span> <span class='ocrx_word' id='word_1_141' title='bbox 1851 1961 2126 2022; x_wconf 79' lang='lat' dir='ltr'>gratiosiores</span> <span class='ocrx_word' id='word_1_142' title='bbox 2149 1961 2246 2017; x_wconf 85' lang='lat' dir='ltr'>effe,</span> <span class='ocrx_word' id='word_1_143' title='bbox 2272 1978 2406 2023; x_wconf 87' lang='lat' dir='ltr'>quam</span> <span class='ocrx_word' id='word_1_144' title='bbox 2424 1977 2573 2022; x_wconf 87' lang='lat' dir='ltr'>preces</span> <span class='ocrx_word' id='word_1_145' title='bbox 2593 1979 2603 2006; x_wconf 91' lang='lat'>:</span> <span class='ocrx_word' id='word_1_146' title='bbox 2647 1976 2786 2022; x_wconf 90' lang='lat' dir='ltr'>neque</span> 
     </span>
     <span class='ocr_line' id='line_1_32' title="bbox 1574 2022 2783 2086; baseline 0.002 -18"><span class='ocrx_word' id='word_1_147' title='bbox 1574 2022 1780 2083; x_wconf 60' lang='lat' dir='ltr'>spectare,</span> <span class='ocrx_word' id='word_1_148' title='bbox 1816 2024 1953 2086; x_wconf 71' lang='lat' dir='ltr'>quarn</span> <span class='ocrx_word' id='word_1_149' title='bbox 1971 2036 2065 2070; x_wconf 83' lang='lat' dir='ltr'>tuus</span> <span class='ocrx_word' id='word_1_150' title='bbox 2089 2023 2190 2071; x_wconf 85' lang='lat' dir='ltr'>effet</span> <span class='ocrx_word' id='word_1_151' title='bbox 2211 2024 2465 2070; x_wconf 78' lang='lat' dir='ltr'>necessarius</span> <span class='ocrx_word' id='word_1_152' title='bbox 2484 2026 2538 2080; x_wconf 87' lang='lat' dir='ltr'>is,</span> <span class='ocrx_word' id='word_1_153' title='bbox 2576 2024 2653 2086; x_wconf 87' lang='lat' dir='ltr'>qui</span> <span class='ocrx_word' id='word_1_154' title='bbox 2685 2035 2733 2069; x_wconf 88' lang='lat' dir='ltr'>te</span> <span class='ocrx_word' id='word_1_155' title='bbox 2756 2040 2783 2070; x_wconf 92' lang='lat' dir='ltr'>o</span> 
     </span>
     <span class='ocr_line' id='line_1_33' title="bbox 1578 2086 2786 2150; baseline 0.002 -20"><span class='ocrx_word' id='word_1_156' title='bbox 1578 2098 1669 2141; x_wconf 85' lang='lat' dir='ltr'>ret,</span> <span class='ocrx_word' id='word_1_157' title='bbox 1695 2086 1768 2133; x_wconf 92' lang='lat' dir='ltr'>sed</span> <span class='ocrx_word' id='word_1_158' title='bbox 1785 2086 1922 2149; x_wconf 70' lang='lat' dir='ltr'>quam</span> <span class='ocrx_word' id='word_1_159' title='bbox 1943 2089 2074 2143; x_wconf 76' lang='lat' dir='ltr'>illius,</span> <span class='ocrx_word' id='word_1_160' title='bbox 2101 2104 2181 2148; x_wconf 86' lang='lat' dir='ltr'>pro</span> <span class='ocrx_word' id='word_1_161' title='bbox 2199 2105 2287 2150; x_wconf 78' lang='lat' dir='ltr'>quo</span> <span class='ocrx_word' id='word_1_162' title='bbox 2302 2089 2534 2134; x_wconf 84' lang='lat' dir='ltr'>laboraret.</span> <span class='ocrx_word' id='word_1_163' title='bbox 2604 2088 2759 2149; x_wconf 85' lang='lat' dir='ltr'>Itaque</span> <span class='ocrx_word' id='word_1_164' title='bbox 2781 2104 2786 2127; x_wconf 59' lang='grc' dir='ltr'><strong>τ</strong></span> 
     </span>
     <span class='ocr_line' id='line_1_34' title="bbox 1580 2148 2753 2212; baseline 0.001 -18"><span class='ocrx_word' id='word_1_165' title='bbox 1580 2148 1677 2195; x_wconf 85' lang='lat' dir='ltr'>buis</span> <span class='ocrx_word' id='word_1_166' title='bbox 1696 2161 1743 2195; x_wconf 87' lang='lat' dir='ltr'>tu</span> <span class='ocrx_word' id='word_1_167' title='bbox 1765 2152 1945 2212; x_wconf 85' lang='lat' dir='ltr'>quidem</span> <span class='ocrx_word' id='word_1_168' title='bbox 1967 2151 2049 2198; x_wconf 84' lang='lat' dir='ltr'>tuis</span> <span class='ocrx_word' id='word_1_169' title='bbox 2074 2150 2136 2198; x_wconf 70' lang='lat' dir='ltr'>ita</span> <span class='ocrx_word' id='word_1_170' title='bbox 2153 2152 2306 2207; x_wconf 82' lang='lat' dir='ltr'>multa,</span> <span class='ocrx_word' id='word_1_171' title='bbox 2342 2163 2390 2197; x_wconf 88' lang='lat' dir='ltr'>ut</span> <span class='ocrx_word' id='word_1_172' title='bbox 2406 2151 2522 2197; x_wconf 89' lang='lat' dir='ltr'>mihi</span> <span class='ocrx_word' id='word_1_173' title='bbox 2539 2150 2753 2196; x_wconf 86' lang='lat' dir='ltr'>beatiores</span> 
     </span>
    </p>

    <p class='ocr_par' dir='ltr' id='par_1_8' title="bbox 1579 2213 2788 2723">
     <span class='ocr_line' id='line_1_35' title="bbox 1579 2213 2786 2276; baseline 0.001 -19"><span class='ocrx_word' id='word_1_174' title='bbox 1579 2213 1662 2258; x_wconf 82' lang='lat' dir='ltr'>effe</span> <span class='ocrx_word' id='word_1_175' title='bbox 1705 2214 1935 2262; x_wconf 86' lang='lat' dir='ltr'>videantur</span> <span class='ocrx_word' id='word_1_176' title='bbox 1970 2215 2207 2269; x_wconf 85' lang='lat' dir='ltr'>interdum,</span> <span class='ocrx_word' id='word_1_177' title='bbox 2260 2215 2335 2276; x_wconf 85' lang='lat' dir='ltr'>qui</span> <span class='ocrx_word' id='word_1_178' title='bbox 2359 2214 2435 2260; x_wconf 68' lang='lat' dir='ltr'>tua</span> <span class='ocrx_word' id='word_1_179' title='bbox 2469 2214 2731 2259; x_wconf 85' lang='lat' dir='ltr'>liberalitate</span> <span class='ocrx_word' id='word_1_180' title='bbox 2768 2213 2786 2258; x_wconf 83' lang='lat' dir='ltr'><strong>f</strong></span> 
     </span>
     <span class='ocr_line' id='line_1_36' title="bbox 1582 2277 2787 2340; baseline 0 -19"><span class='ocrx_word' id='word_1_181' title='bbox 1582 2288 1726 2331; x_wconf 80' lang='lat' dir='ltr'>untur,</span> <span class='ocrx_word' id='word_1_182' title='bbox 1764 2277 1899 2340; x_wconf 70' lang='lat' dir='ltr'>quam</span> <span class='ocrx_word' id='word_1_183' title='bbox 1922 2290 1968 2324; x_wconf 88' lang='lat' dir='ltr'>tu</span> <span class='ocrx_word' id='word_1_184' title='bbox 1986 2278 2092 2340; x_wconf 60' lang='lat' dir='ltr'>ipse,</span> <span class='ocrx_word' id='word_1_185' title='bbox 2131 2279 2206 2340; x_wconf 90' lang='lat' dir='ltr'>qui</span> <span class='ocrx_word' id='word_1_186' title='bbox 2231 2278 2318 2322; x_wconf 88' lang='lat' dir='ltr'>illis</span> <span class='ocrx_word' id='word_1_187' title='bbox 2340 2289 2433 2324; x_wconf 88' lang='lat' dir='ltr'>tam</span> <span class='ocrx_word' id='word_1_188' title='bbox 2468 2278 2607 2323; x_wconf 86' lang='lat' dir='ltr'>multa</span> <span class='ocrx_word' id='word_1_189' title='bbox 2634 2278 2787 2322; x_wconf 61' lang='lat' dir='ltr'>concec‘</span> 
     </span>
     <span class='ocr_line' id='line_1_37' title="bbox 1580 2340 2787 2404; baseline -0.001 -19"><span class='ocrx_word' id='word_1_190' title='bbox 1580 2340 1666 2386; x_wconf 82' lang='lat' dir='ltr'>Sed</span> <span class='ocrx_word' id='word_1_191' title='bbox 1688 2341 1818 2388; x_wconf 88' lang='lat' dir='ltr'>video</span> <span class='ocrx_word' id='word_1_192' title='bbox 1852 2354 2001 2388; x_wconf 80' lang='lat' dir='ltr'>tamen</span> <span class='ocrx_word' id='word_1_193' title='bbox 2038 2343 2156 2404; x_wconf 83' lang='lat' dir='ltr'>apud</span> <span class='ocrx_word' id='word_1_194' title='bbox 2177 2353 2218 2388; x_wconf 90' lang='lat' dir='ltr'>te</span> <span class='ocrx_word' id='word_1_195' title='bbox 2242 2342 2404 2397; x_wconf 55' lang='lat' dir='ltr'>causas»,</span> <span class='ocrx_word' id='word_1_196' title='bbox 2442 2352 2489 2386; x_wconf 88' lang='lat' dir='ltr'>ut</span> <span class='ocrx_word' id='word_1_197' title='bbox 2510 2340 2623 2395; x_wconf 61' lang='lat' dir='ltr'>disci,</span> <span class='ocrx_word' id='word_1_198' title='bbox 2660 2354 2787 2400; x_wconf 76' lang='lat' dir='ltr'>rogat</span> 
     </span>
     <span class='ocr_line' id='line_1_38' title="bbox 1581 2403 2787 2467; baseline -0.001 -19"><span class='ocrx_word' id='word_1_199' title='bbox 1581 2418 1659 2449; x_wconf 90' lang='lat' dir='ltr'>um</span> <span class='ocrx_word' id='word_1_200' title='bbox 1696 2405 1841 2451; x_wconf 84' lang='lat' dir='ltr'>valere</span> <span class='ocrx_word' id='word_1_201' title='bbox 1869 2407 1981 2467; x_wconf 82' lang='lat' dir='ltr'>plus,</span> <span class='ocrx_word' id='word_1_202' title='bbox 2017 2405 2152 2467; x_wconf 71' lang='lat' dir='ltr'>quam</span> <span class='ocrx_word' id='word_1_203' title='bbox 2174 2421 2320 2466; x_wconf 85' lang='lat' dir='ltr'>preces</span> <span class='ocrx_word' id='word_1_204' title='bbox 2341 2422 2351 2450; x_wconf 80' lang='lat'><em>2</em></span> <span class='ocrx_word' id='word_1_205' title='bbox 2387 2404 2443 2449; x_wconf 88' lang='lat' dir='ltr'>ab</span> <span class='ocrx_word' id='word_1_206' title='bbox 2462 2403 2598 2465; x_wconf 85' lang='lat' dir='ltr'>iisque</span> <span class='ocrx_word' id='word_1_207' title='bbox 2620 2415 2661 2448; x_wconf 91' lang='lat' dir='ltr'>te</span> <span class='ocrx_word' id='word_1_208' title='bbox 2686 2418 2787 2448; x_wconf 86' lang='lat' dir='ltr'>mov</span> 
     </span>
     <span class='ocr_line' id='line_1_39' title="bbox 1583 2463 2770 2530; baseline -0.001 -18"><span class='ocrx_word' id='word_1_209' title='bbox 1583 2465 1799 2525; x_wconf 66' lang='lat' dir='ltr'>maxime,</span> <span class='ocrx_word' id='word_1_210' title='bbox 1852 2485 2041 2530; x_wconf 84' lang='lat' dir='ltr'>quorum</span> <span class='ocrx_word' id='word_1_211' title='bbox 2082 2469 2354 2530; x_wconf 82' lang='lat' dir='ltr'>justiffimum</span> <span class='ocrx_word' id='word_1_212' title='bbox 2386 2467 2584 2513; x_wconf 86' lang='lat' dir='ltr'>dolorem</span> <span class='ocrx_word' id='word_1_213' title='bbox 2619 2463 2770 2511; x_wconf 78' lang='lat' dir='ltr'>videas</span> 
     </span>
     <span class='ocr_line' id='line_1_40' title="bbox 1583 2528 2776 2597; baseline -0.002 -21"><span class='ocrx_word' id='word_1_214' title='bbox 1583 2532 1785 2590; x_wconf 77' lang='lat' dir='ltr'>petendo.</span> <span class='ocrx_word' id='word_1_215' title='bbox 1855 2534 1911 2578; x_wconf 89' lang='lat' dir='ltr'>In</span> <span class='ocrx_word' id='word_1_216' title='bbox 1946 2533 2221 2597; x_wconf 71' lang='lat' dir='ltr'>QLigario</span> <span class='ocrx_word' id='word_1_217' title='bbox 2259 2530 2571 2585; x_wconf 86' lang='lat' dir='ltr'>conservando,</span> <span class='ocrx_word' id='word_1_218' title='bbox 2628 2528 2776 2575; x_wconf 86' lang='lat' dir='ltr'>multis</span> 
     </span>
     <span class='ocr_line' id='line_1_41' title="bbox 1583 2592 2788 2658; baseline -0.002 -19"><span class='ocrx_word' id='word_1_219' title='bbox 1583 2593 1765 2654; x_wconf 87' lang='lat' dir='ltr'>quidem</span> <span class='ocrx_word' id='word_1_220' title='bbox 1788 2607 1964 2658; x_wconf 86' lang='lat' dir='ltr'>gratum</span> <span class='ocrx_word' id='word_1_221' title='bbox 1987 2597 2118 2643; x_wconf 84' lang='lat' dir='ltr'>facies</span> <span class='ocrx_word' id='word_1_222' title='bbox 2137 2595 2378 2642; x_wconf 70' lang='lat' dir='ltr'>necessariis</span> <span class='ocrx_word' id='word_1_223' title='bbox 2400 2595 2484 2640; x_wconf 90' lang='lat' dir='ltr'>tuis</span> <span class='ocrx_word' id='word_1_224' title='bbox 2505 2611 2514 2639; x_wconf 91' lang='lat'>:</span> <span class='ocrx_word' id='word_1_225' title='bbox 2551 2592 2623 2639; x_wconf 88' lang='lat' dir='ltr'>sed</span> <span class='ocrx_word' id='word_1_226' title='bbox 2638 2593 2726 2638; x_wconf 84' lang='lat' dir='ltr'>hoc</span> <span class='ocrx_word' id='word_1_227' title='bbox 2743 2608 2788 2654; x_wconf 69' lang='lat' dir='ltr'>qt</span> 
     </span>
     <span class='ocr_line' id='line_1_42' title="bbox 1583 2655 2785 2723; baseline -0.001 -22"><span class='ocrx_word' id='word_1_228' title='bbox 1583 2656 1629 2702; x_wconf 82' lang='lat' dir='ltr'>so</span> <span class='ocrx_word' id='word_1_229' title='bbox 1651 2659 1888 2715; x_wconf 81' lang='lat' dir='ltr'>considera,</span> <span class='ocrx_word' id='word_1_230' title='bbox 1925 2661 2044 2723; x_wconf 86' lang='lat' dir='ltr'>quod</span> <span class='ocrx_word' id='word_1_231' title='bbox 2077 2659 2198 2706; x_wconf 86' lang='lat' dir='ltr'>soles.</span> <span class='ocrx_word' id='word_1_232' title='bbox 2266 2659 2439 2708; x_wconf 66' lang='lat' dir='ltr'>Pofl‘um</span> <span class='ocrx_word' id='word_1_233' title='bbox 2461 2657 2706 2703; x_wconf 82' lang='lat' dir='ltr'>fortiffimos</span> <span class='ocrx_word' id='word_1_234' title='bbox 2740 2655 2785 2701; x_wconf 89' lang='lat' dir='ltr'>vi</span> 
     </span>
    </p>
   </div>
   <div class='ocr_carea' id='block_1_8' title="bbox 1586 2782 2828 3399">
    <p class='ocr_par' dir='ltr' id='par_1_9' title="bbox 1586 2782 2790 3357">
     <span class='ocr_line' id='line_1_43' title="bbox 1586 2782 2788 2846; baseline -0.001 -18"><span class='ocrx_word' id='word_1_235' title='bbox 1586 2782 1759 2841; x_wconf 77' lang='lat' dir='ltr'>binum,</span> <span class='ocrx_word' id='word_1_236' title='bbox 1807 2787 1964 2832; x_wconf 81' lang='lat' dir='ltr'>florem</span> <span class='ocrx_word' id='word_1_237' title='bbox 2002 2788 2158 2843; x_wconf 82' lang='lat' dir='ltr'>Italiae,</span> <span class='ocrx_word' id='word_1_238' title='bbox 2195 2786 2328 2832; x_wconf 90' lang='lat' dir='ltr'>robur</span> <span class='ocrx_word' id='word_1_239' title='bbox 2372 2784 2559 2846; x_wconf 79' lang='lat' dir='ltr'>reipubl.</span> <span class='ocrx_word' id='word_1_240' title='bbox 2599 2798 2788 2845; x_wconf 74' lang='lat' dir='ltr'>propone</span> 
     </span>
     <span class='ocr_line' id='line_1_44' title="bbox 1586 2846 2788 2910; baseline -0.001 -18"><span class='ocrx_word' id='word_1_241' title='bbox 1586 2848 1694 2893; x_wconf 73' lang='lat' dir='ltr'>nosti</span> <span class='ocrx_word' id='word_1_242' title='bbox 1733 2847 1902 2910; x_wconf 68' lang='lat' dir='ltr'>optime</span> <span class='ocrx_word' id='word_1_243' title='bbox 1936 2850 2153 2896; x_wconf 64' lang='lat' dir='ltr'>homines</span> <span class='ocrx_word' id='word_1_244' title='bbox 2224 2849 2542 2894; x_wconf 82' lang='lat' dir='ltr'>Animadverte</span> <span class='ocrx_word' id='word_1_245' title='bbox 2576 2846 2733 2893; x_wconf 80' lang='lat' dir='ltr'>horum</span> <span class='ocrx_word' id='word_1_246' title='bbox 2767 2863 2788 2891; x_wconf 91' lang='lat' dir='ltr'>c</span> 
     </span>
     <span class='ocr_line' id='line_1_45' title="bbox 1588 2910 2788 2970; baseline -0.003 -13"><span class='ocrx_word' id='word_1_247' title='bbox 1588 2911 1713 2958; x_wconf 83' lang='lat' dir='ltr'>nium</span> <span class='ocrx_word' id='word_1_248' title='bbox 1754 2913 2005 2959; x_wconf 75' lang='lat' dir='ltr'>moestitiam</span> <span class='ocrx_word' id='word_1_249' title='bbox 2041 2919 2080 2959; x_wconf 65' lang='lat'>&amp;-</span> <span class='ocrx_word' id='word_1_250' title='bbox 2121 2913 2332 2958; x_wconf 84' lang='lat' dir='ltr'>dolorem.</span> <span class='ocrx_word' id='word_1_251' title='bbox 2403 2910 2529 2970; x_wconf 76' lang='lat' dir='ltr'>hujus</span> <span class='ocrx_word' id='word_1_252' title='bbox 2561 2912 2622 2956; x_wconf 84' lang='lat' dir='ltr'>T.</span> <span class='ocrx_word' id='word_1_253' title='bbox 2652 2910 2788 2957; x_wconf 81' lang='lat' dir='ltr'>Brocc</span> 
     </span>
     <span class='ocr_line' id='line_1_46' title="bbox 1588 2972 2786 3037; baseline -0.003 -17"><span class='ocrx_word' id='word_1_254' title='bbox 1588 2974 1642 3021; x_wconf 81' lang='lat' dir='ltr'>de</span> <span class='ocrx_word' id='word_1_255' title='bbox 1666 2992 1753 3037; x_wconf 80' lang='lat' dir='ltr'>quo</span> <span class='ocrx_word' id='word_1_256' title='bbox 1771 2993 1859 3022; x_wconf 80' lang='lat' dir='ltr'>non</span> <span class='ocrx_word' id='word_1_257' title='bbox 1878 2977 2030 3023; x_wconf 78' lang='lat' dir='ltr'>dubito</span> <span class='ocrx_word' id='word_1_258' title='bbox 2054 2976 2160 3037; x_wconf 80' lang='lat' dir='ltr'>quid</span> <span class='ocrx_word' id='word_1_259' title='bbox 2181 2976 2416 3029; x_wconf 75' lang='lat' dir='ltr'>existimes,</span> <span class='ocrx_word' id='word_1_260' title='bbox 2446 2974 2714 3033; x_wconf 80' lang='lat' dir='ltr'>lachrymas,</span> <span class='ocrx_word' id='word_1_261' title='bbox 2739 2972 2786 3033; x_wconf 84' lang='lat' dir='ltr'>sq</span> 
     </span>
     <span class='ocr_line' id='line_1_47' title="bbox 1588 3036 2780 3100; baseline -0.001 -18"><span class='ocrx_word' id='word_1_262' title='bbox 1588 3038 1818 3100; x_wconf 63' lang='lat' dir='ltr'>iorem-que</span> <span class='ocrx_word' id='word_1_263' title='bbox 1842 3040 1971 3100; x_wconf 68' lang='lat' dir='ltr'>ipsius</span> <span class='ocrx_word' id='word_1_264' title='bbox 1996 3045 2035 3085; x_wconf 75' lang='grc' dir='ltr'>δε</span> <span class='ocrx_word' id='word_1_265' title='bbox 2056 3040 2131 3099; x_wconf 85' lang='lat' dir='ltr'>filij</span> <span class='ocrx_word' id='word_1_266' title='bbox 2152 3039 2287 3084; x_wconf 82' lang='lat' dir='ltr'>vides.</span> <span class='ocrx_word' id='word_1_267' title='bbox 2358 3037 2480 3100; x_wconf 73' lang='lat' dir='ltr'>Qid</span> <span class='ocrx_word' id='word_1_268' title='bbox 2505 3038 2557 3082; x_wconf 82' lang='lat' dir='ltr'>de</span> <span class='ocrx_word' id='word_1_269' title='bbox 2575 3036 2780 3082; x_wconf 80' lang='lat' dir='ltr'>fratribus</span> 
     </span>
     <span class='ocr_line' id='line_1_48' title="bbox 1590 3101 2789 3165; baseline -0.003 -18"><span class='ocrx_word' id='word_1_270' title='bbox 1590 3107 1716 3147; x_wconf 76' lang='lat' dir='ltr'>cam?</span> <span class='ocrx_word' id='word_1_271' title='bbox 1753 3103 1861 3157; x_wconf 82' lang='lat' dir='ltr'>noli,</span> <span class='ocrx_word' id='word_1_272' title='bbox 1886 3104 2040 3157; x_wconf 57' lang='lat' dir='ltr'>Caesan</span> <span class='ocrx_word' id='word_1_273' title='bbox 2067 3115 2216 3165; x_wconf 75' lang='lat' dir='ltr'>putare</span> <span class='ocrx_word' id='word_1_274' title='bbox 2241 3103 2293 3147; x_wconf 88' lang='lat' dir='ltr'>de</span> <span class='ocrx_word' id='word_1_275' title='bbox 2310 3102 2436 3146; x_wconf 83' lang='lat' dir='ltr'>unius</span> <span class='ocrx_word' id='word_1_276' title='bbox 2454 3101 2598 3162; x_wconf 81' lang='lat' dir='ltr'>capite</span> <span class='ocrx_word' id='word_1_277' title='bbox 2616 3116 2692 3145; x_wconf 87' lang='lat' dir='ltr'>nos</span> <span class='ocrx_word' id='word_1_278' title='bbox 2710 3113 2789 3159; x_wconf 77' lang='lat' dir='ltr'>age</span> 
     </span>
     <span class='ocr_line' id='line_1_49' title="bbox 1594 3162 2789 3228; baseline -0.005 -16"><span class='ocrx_word' id='word_1_279' title='bbox 1594 3171 1687 3214; x_wconf 73' lang='lat' dir='ltr'>Aut</span> <span class='ocrx_word' id='word_1_280' title='bbox 1718 3177 1799 3211; x_wconf 79' lang='lat' dir='ltr'>tres</span> <span class='ocrx_word' id='word_1_281' title='bbox 1845 3167 1926 3212; x_wconf 86' lang='lat' dir='ltr'>tibi</span> <span class='ocrx_word' id='word_1_282' title='bbox 1962 3166 2133 3228; x_wconf 78' lang='lat' dir='ltr'>Ligarij</span> <span class='ocrx_word' id='word_1_283' title='bbox 2178 3166 2226 3211; x_wconf 85' lang='lat' dir='ltr'>in</span> <span class='ocrx_word' id='word_1_284' title='bbox 2265 3165 2444 3212; x_wconf 77' lang='lat' dir='ltr'>civitate</span> <span class='ocrx_word' id='word_1_285' title='bbox 2489 3162 2701 3210; x_wconf 79' lang='lat' dir='ltr'>retinendi</span> <span class='ocrx_word' id='word_1_286' title='bbox 2747 3162 2789 3207; x_wconf 76' lang='lat' dir='ltr'>su</span> 
     </span>
     <span class='ocr_line' id='line_1_50' title="bbox 1593 3225 2789 3289; baseline -0.008 -14"><span class='ocrx_word' id='word_1_287' title='bbox 1593 3243 1667 3276; x_wconf 80' lang='lat' dir='ltr'>aut</span> <span class='ocrx_word' id='word_1_288' title='bbox 1706 3244 1788 3276; x_wconf 83' lang='lat' dir='ltr'>tres</span> <span class='ocrx_word' id='word_1_289' title='bbox 1826 3245 1882 3275; x_wconf 82' lang='lat' dir='ltr'>ex</span> <span class='ocrx_word' id='word_1_290' title='bbox 1915 3230 2094 3276; x_wconf 73' lang='lat' dir='ltr'>civitate</span> <span class='ocrx_word' id='word_1_291' title='bbox 2133 3227 2471 3276; x_wconf 75' lang='lat' dir='ltr'>exterminandi.</span> <span class='ocrx_word' id='word_1_292' title='bbox 2541 3225 2744 3289; x_wconf 72' lang='lat' dir='ltr'>Qodvis</span> <span class='ocrx_word' id='word_1_293' title='bbox 2784 3245 2789 3266; x_wconf 78' lang='grc' dir='ltr'>ι</span> 
     </span>
     <span class='ocr_line' id='line_1_51' title="bbox 1596 3286 2790 3357; baseline -0.004 -20"><span class='ocrx_word' id='word_1_294' title='bbox 1596 3294 1739 3341; x_wconf 70' lang='lat' dir='ltr'>filium</span> <span class='ocrx_word' id='word_1_295' title='bbox 1770 3292 1838 3340; x_wconf 84' lang='lat' dir='ltr'>his</span> <span class='ocrx_word' id='word_1_296' title='bbox 1880 3294 1937 3340; x_wconf 76' lang='lat' dir='ltr'>est</span> <span class='ocrx_word' id='word_1_297' title='bbox 1975 3294 2182 3357; x_wconf 76' lang='lat' dir='ltr'>optatius,</span> <span class='ocrx_word' id='word_1_298' title='bbox 2237 3289 2372 3355; x_wconf 62' lang='lat' dir='ltr'>quam</span> <span class='ocrx_word' id='word_1_299' title='bbox 2411 3290 2568 3354; x_wconf 84' lang='lat' dir='ltr'>patria,</span> <span class='ocrx_word' id='word_1_300' title='bbox 2619 3286 2755 3352; x_wconf 67' lang='lat' dir='ltr'>quam</span> <span class='ocrx_word' id='word_1_301' title='bbox 2785 3312 2790 3325; x_wconf 90' lang='lat'><strong>·</strong></span> 
     </span>
    </p>

    <p class='ocr_par' dir='ltr' id='par_1_10' title="bbox 2743 3365 2828 3399">
     <span class='ocr_line' id='line_1_52' title="bbox 2743 3365 2828 3399; baseline 0.035 -3"><span class='ocrx_word' id='word_1_302' title='bbox 2743 3365 2790 3396; x_wconf 87' lang='lat' dir='ltr'>m</span> <span class='ocrx_word' id='word_1_303' title='bbox 2825 3395 2828 3399; x_wconf 87' lang='lat'>.</span> 
     </span>
    </p>
   </div>
  </div>
 </body>
</html>
