1437 2589
282 29 401 122 Pro
429 61 1033 139 LegeMAN1L1A.
1214 77 1326 140 ¹79²

18 200 25 214 ,
94 155 199 202 cum
231 170 335 202 eum
354 156 480 201 ‘vobis
517 154 701 214 majores
721 152 846 198 vestri
877 151 1053 197 exuviis
1074 153 1256 199 nauticis
1281 161 1324 202 δε

25 267 27 272 ,
92 218 281 264 claffium
302 218 447 280 spoliis
470 227 673 264 ornatum
688 215 960 278 reliquissent.
1026 215 1151 267 Bono
1170 228 1212 262 te
1233 218 1322 263 ani-

91 296 168 327 mo
190 294 299 336 tum,
337 283 411 346 Q
433 281 655 336 Hortensi,
691 278 873 342 populus
898 280 1140 334 Romanus,
1178 285 1220 325 δε
1242 297 1322 326 cae-

91 355 222 400 teros,
258 345 478 406 quierant
499 345 544 390 in
565 344 720 389 eadem
749 341 972 396 sententia,
1008 341 1149 387 dicere
1180 343 1323 394 existi-

88 408 231 454 mavit
264 424 332 463 ea,
379 424 476 469 quae
503 407 750 453 sentiebatis
776 423 785 450 :
821 405 893 451 sed
920 419 1066 450 tamen
1101 405 1146 451 in
1188 407 1321 453 salute

88 471 316 516 communi
347 470 467 516 idem
488 470 671 532 populus
706 471 932 516 Romanus
956 468 1096 514 dolori
1133 467 1206 515 suo
1228 486 1320 515 ma·

83 532 178 590 luit,
225 531 358 596 quitm
388 533 632 579 auetoritati
661 534 822 586 vestrae,
847 532 1164 592 obtemperare.
1234 534 1257 579 J
1261 545 1322 579 ta-

84 612 169 657 que
190 613 277 643 una
297 597 386 653 lex,
421 614 527 642 unus
550 599 633 652 vir,
669 613 775 643 unus
798 611 951 649 annm,
986 611 1074 640 non
1089 594 1221 640 modo
1239 612 1317 642 nos

82 659 162 706 illa
202 660 374 707 miseria
421 676 474 706 ac
497 660 765 722 turpitudine
804 657 1009 704 liberavit
1031 675 1044 707 ;
1087 658 1157 703 {ed
1179 659 1315 705 etiam

23 759 27 765 .
82 724 243 779 effecit,
279 736 328 770 ut
350 724 582 786 aliquando
600 720 699 768 vere
722 722 968 767 videremur
990 721 1193 766 omnibus
1211 737 1315 783 gen-

81 787 196 833 tibus
220 803 273 832 ac
294 787 542 833 nationibus
565 787 679 832 terrai
705 786 902 847 marique
939 784 1169 844 imperare.
1212 788 1314 849 Qo

81 851 198 896 mihi
225 850 363 896 etiam
396 850 616 911 indignius
638 849 808 894 videtur
831 849 1118 894 obt-reetatum
1138 847 1217 893 este
1240 850 1314 894 ad-

82 913 184 967 huc,
223 913 421 959 Gabinio
458 913 620 967 dicam,
657 928 766 958 anne
789 911 1020 972 Pompeio,
1066 927 1121 955 an
1142 911 1312 973 utrique

82 976 145 1036 (id
165 977 283 1037 quod
303 978 361 1022 est
382 976 537 1036 verius)
561 974 615 1020 ne
636 975 867 1036 legaretur,
893 976 953 1019 A.
976 973 1196 1019 Gabinius
1222 980 1307 1020 Cn.

78 1039 293 1100 Pompeio
306 1040 527 1101 expetenti
550 1054 601 1084 ac
623 1038 848 1099 postulanti
872 1041 887 1083 ?
926 1037 1090 1083 Utrum
1111 1037 1199 1092 ille,
1236 1038 1312 1098 qui

77 1102 259 1163 postulat
288 1104 484 1165 legatum
521 1102 575 1147 ad
611 1114 778 1147 tantum
802 1101 980 1154 bellum,
1032 1115 1163 1160 quem
1185 1102 1307 1158 velit,

77 1165 258 1212 idoneus
280 1182 367 1212 non
388 1167 461 1221 est,
509 1165 583 1226 qui
606 1165 823 1226 impetret,
859 1180 958 1209 cum
981 1162 1122 1208 caeteri
1149 1163 1203 1208 ad
1232 1180 1309 1209 ex-

76 1228 274 1289 pilandos
310 1229 473 1284 socios,
507 1227 853 1289 diripiendisque
888 1225 1153 1288 provincias,
1201 1243 1307 1287 quos

75 1292 319 1347 voluerunt,
359 1293 525 1353 legatos
548 1291 777 1337 eduxerint
801 1295 816 1337 ?
861 1306 917 1335 an
938 1290 1042 1350 ipse,
1066 1288 1185 1348 cujus
1207 1291 1307 1351 lege

75 1354 183 1401 salus
218 1372 270 1402 ac
303 1355 493 1417 dignitas
523 1355 688 1417 populo
711 1355 916 1400 Romano
951 1364 1079 1413 atque
1101 1354 1306 1399 omnibus

48 1413 278 1480 ‘gentibus
315 1418 542 1464 constituta
576 1420 647 1472 est,
684 1432 837 1479 expers
879 1416 959 1461 effe
993 1416 1121 1460 debet
1152 1416 1308 1476 gloriae

73 1482 162 1540 ejus
187 1481 474 1543 imperatoris,
511 1493 637 1542 atque
659 1480 749 1540 ejus
766 1480 998 1533 exercitus9
1035 1478 1108 1539 qui
1126 1479 1305 1525 confilio

71 1543 201 1605 ipfius
236 1558 364 1606 atque
385 1545 580 1605 periculo
602 1545 659 1590 est
691 1543 968 1589 constitutus?
996 1542 1068 1586 An
1095 1542 1179 1586 Cn.
1207 1543 1303 1588 Fal-

71 1607 224 1662 cidius,
265 1610 339 1671 Q
363 1606 584 1662 Metellus,
621 1605 872 1668 QCoelius
904 1605 1173 1660 Latinienfis,
1213 1606 1298 1651 Cn.

71 1670 293 1726 Lentulus,
329 1687 437 1732 quos
452 1687 600 1716 ornnes
623 1668 800 1716 honoris
814 1668 943 1714 caus&
964 1668 1161 1723 nomino,
1199 1669 1302 1715 cum

15 1742 17 1745 ⁴
70 1735 261 1783 Tribuni
292 1734 429 1796 plebis
459 1733 642 1788 fuiffent,
679 1749 793 1778 anno
819 1731 1023 1793 proximo
1062 1730 1196 1792 legati
1218 1733 1301 1778 effe

69 1809 303 1858 potuerunt
326 1801 341 1843 ?
387 1797 434 1842 in
455 1797 541 1842 hoc
562 1813 650 1842 uno
673 1795 875 1842 Gabinio
897 1795 990 1840 sunt
1011 1806 1104 1840 tam
1117 1794 1300 1856 diligen-

69 1870 148 1915 tes,
184 1860 258 1922 qui
282 1861 328 1905 in
349 1860 435 1906 hoc
458 1859 588 1915 bello,
625 1859 743 1922 quod
764 1859 860 1919 lege
884 1858 1086 1904 Gabinia
1116 1860 1297 1919 geritur,

68 1922 116 1970 in
143 1923 229 1969 hoc
250 1923 532 1984 imperatore,
572 1934 698 1984 atque
714 1922 923 1975 exercitu,
963 1937 1095 1982 quem
1124 1937 1201 1982 per
1222 1937 1299 1967 vos

67 1984 158 2046 ipse
186 1987 416 2041 constituit,
453 1985 589 2031 etiam
611 1986 832 2046 praecipuo
849 1985 945 2044 jure
979 1984 1058 2029 effe
1091 1983 1297 2030 deberet?

4 2087 9 2091 ⁴
67 2049 122 2094 de
138 2065 225 2110 quo
260 2049 449 2111 legando
478 2049 602 2109 spero
626 2048 829 2094 Consules
858 2047 913 2101 ad
949 2049 1157 2092 Senatum
1193 2046 1299 2092 rela-

67 2122 184 2158 turos
210 2131 220 2159 :
254 2113 329 2175 qui
353 2112 383 2158 fi
400 2112 674 2166 dubitabunt,
698 2121 773 2156 aut
786 2110 1093 2172 gravabuntur,
1117 2124 1202 2169 ego
1225 2125 1298 2155 me

67 2175 272 2236 profiteor
284 2176 517 2222 relaturum
533 2194 542 2221 z
562 2191 697 2236 neque
715 2190 783 2220 me
802 2174 1012 2234 impediet
1028 2170 1294 2232 cujusquam,

69 2238 278 2300 Qirstes,
314 2238 546 2284 inimicum
579 2239 783 2293 edietum,
823 2253 910 2298 quo
946 2237 1106 2288 minim,
1167 2235 1295 2280 fretus

68 2303 211 2357 vobis,
258 2302 443 2347 vestrum
468 2301 536 2361 jus
566 2300 908 2360 beneficiumque
931 2299 1188 2343 delendam:
1223 2314 1296 2342 ne-

67 2365 159 2429 que
173 2376 328 2432 praeter
347 2365 702 2422 intercessionem,
742 2363 982 2426 quidquam
998 2362 1174 2408 audiam
1198 2377 1212 2409 ;
1243 2360 1297 2406 de

1209 2423 1297 2483 quai

1269 2505 1294 2539 L
