1437 2589
170 97 277 154 182
552 92 1101 156 ORATIO

158 186 333 232 minum
348 185 617 233 auctoritate.
686 188 834 250 Qare
856 187 1050 242 videant,
1089 202 1143 233 ne
1165 186 1216 233 fit
1244 188 1415 248 penui-³

157 264 314 309 quum,
347 254 387 295 δε
410 266 498 296 non
529 250 774 306 ferendum,
811 250 990 296 illorum
1024 250 1377 298 auctoritatemd

157 312 241 357 Cn.
268 314 470 374 Pompeii
492 313 706 374 dignitate
729 312 755 358 a
777 314 902 359 vobis
925 313 1396 375 comprobatamse‘m-

155 388 235 434 per
246 376 343 430 effe,
381 377 570 422 vestrum
591 378 648 423 ab
671 376 754 422 illis
778 376 831 422 de
853 377 1012 423 eodem
1038 376 1222 422 homine
1240 377 1404 436 judici-

155 452 233 483 um
246 438 483 501 populique
502 441 637 486 Rom.
665 441 970 486 auctoritatem
992 439 1266 512 improbari:
1290 456 1402 502 prae-

153 501 304 547 sertim
321 518 423 548 cum
437 503 533 562 J'am
553 503 662 549 suo
645 520 742 562 Jure
768 504 954 565 populus
983 504 1118 548 Rom.
1143 504 1189 548 in
1212 503 1298 549 hoc
1319 504 1403 549 ho-

155 564 276 610 mine
314 566 435 611 suam
479 567 784 613 auctoritatem
827 567 898 611 vel
934 577 1087 612 contra
1116 582 1282 620 omne5‚
1319 566 1397 628 qui

155 627 416 683 dissentiunt,
454 630 576 689 poffit
606 630 873 679 defendere3
919 639 1153 690 propterea
1173 630 1294 690 quod
1319 629 1406 675 istis

155 692 492 738 reclamantibus
536 708 612 737 vos
648 709 785 738 unum
807 692 933 738 illum
962 708 1018 737 ex
1051 692 1257 737 omnibus
1290 693 1406 740 dele-

156 754 293 814 gistis,
323 771 475 830 quem
473 755 639 801 bellum
663 756 919 817 praedonum
932 755 1251 816 praeponeretia
1297 757 1405 803 Hoc

155 817 188 862 fi
209 833 285 863 vos
318 816 481 872 temere
503 818 676 874 fecistis,
717 824 757 864 δι
779 819 888 880 reip.
926 834 1082 878 parum
1105 834 1203 864 con:
1196 819 1399 864 aluistis·
1386 851 1402 870 ,

156 878 271 926 reste
288 880 352 928 isti
372 883 509 927 studia
529 883 667 927 vestra
690 882 771 926 suis
792 899 872 928 coi
868 881 978 926 filiis
1001 895 1153 941 regere
1175 894 1402 929 conantur.

162 943 226 990 fin
258 957 404 991 autem
440 961 518 990 vos
546 945 638 1006 plus
662 955 758 990 tum
777 945 821 990 in
844 944 1068 1006 republica
1089 945 1269 1000 vidistis,
1304 961 1401 1001 vos,

159 1006 229 1052 his
253 1008 600 1069 repugnantibus
624 1024 702 1069 per
733 1008 1016 1068 vosmetipsos
1038 1008 1303 1069 dignitatem
1325 1008 1403 1053 hu-

158 1069 201 1115 ic
264 1071 471 1132 imperio,
522 1071 704 1117 salutem
745 1072 841 1117 orbi
902 1083 1131 1126 terrarum,
1172 1071 1398 1117 attulistis·
1384 1103 1399 1122 ,

154 1133 390 1194 aliquando
433 1134 499 1179 isti
539 1135 774 1196 principes,
813 1139 853 1179 δε
893 1135 990 1187 fibi,
1014 1135 1255 1188 &caeteri5,
1293 1150 1400 1196 pop.

154 1197 291 1242 Rom.
317 1198 503 1243 univerfi
527 1198 770 1245 auctoritati
793 1198 1033 1258 parendum
1062 1198 1142 1243 esse
1163 1197 1393 1243 fateantur.

155 1262 303 1321 Atque
339 1262 386 1306 in
429 1261 515 1306 hoc
553 1261 670 1306 bello
701 1260 909 1315 Asiatico,
970 1265 1011 1306 δε
1034 1261 1174 1321 regio,
1211 1261 1401 1306 1101110-

155 1323 251 1369 lum
281 1324 484 1370 militaris
509 1323 583 1369 illa
607 1325 761 1379 virtus,
798 1340 894 1385 quae
915 1324 972 1369 est
1007 1325 1053 1368 in
1079 1325 1162 1369 Cn.
1188 1324 1404 1384 Pompeio

156 1386 406 1447 fingularis,
494 1387 565 1432 sed
618 1387 716 1434 aliae
767 1403 941 1449 quoque
1011 1387 1190 1433 virtutes
1257 1386 1400 1432 animi

154 1451 304 1495 multae
328 1455 368 1496 δε
386 1466 561 1512 magnae
582 1451 870 1512 requiruntur.
909 1450 1106 1495 Difficile
1120 1449 1216 1505 est,
1205 1466 1252 1494 111
1269 1450 1396 1506 Afia,

160 1512 342 1567 Cilicia,
402 1514 548 1573 Syria,
583 1514 811 1585 regnisque
846 1513 1103 1559 interiorum
1146 1513 1396 1568 nationum,

153 1573 215 1621 ita
253 1576 412 1621 versari
451 1578 641 1643 vestrum
660 1577 1003 1638 imperatorem,
1040 1587 1090 1621 ut
1123 1575 1236 1620 nihil
1262 1576 1398 1631 aliud,

151 1654 287 1698 quam
326 1639 380 1685 de
402 1639 523 1685 hoste
555 1647 621 1688 ac
609 1639 686 1686 de
706 1640 835 1686 laude
857 1639 1038 1700 cogitet.
1077 1638 1234 1684 deinde
1255 1639 1393 1684 etiam

153 1702 187 1748 fi
230 1701 305 1763 qui
338 1703 433 1748 sunt
465 1689 636 1763 pudore
668 1719 720 1750 ac
753 1702 1046 1763 temperantia
1067 1700 1397 1756 moderatiore2‚

155 1775 304 1811 tamen
340 1782 414 1811 eos
446 1766 532 1811 ⁴effe
557 1767 688 1821 tale5‚
724 1776 904 1827 propter
925 1765 1255 1810 multitudinem
1277 1765 1400 1825 cupi-

155 1828 314 1874 dorum
352 1828 603 1884 hominurn,
639 1845 771 1874 nemo
794 1829 1038 1874 arbitratur.
1107 1827 1304 1873 Difficile
1341 1827 1400 1873 est

155 1891 531 1954 di&u‚Q1irites,
567 1904 733 1952 quanto
751 1892 799 1937 in
820 1891 923 1937 odio
939 1891 1068 1936 fimus
1091 1891 1206 1952 apud
1227 1902 1396 1936 exteras

155 1953 368 2008 nationes,
402 1965 585 2026 propter
605 1971 774 2009 eorum,
800 1970 906 2016 quos
938 1955 994 1999 ad
1015 1969 1086 1999 eas
1110 1969 1188 2014 per
1216 1954 1298 1999 hos
1322 1969 1398 1999 an-

155 2033 232 2062 nos
264 2032 366 2062 cum
398 2017 589 2076 imperio
624 2018 837 2071 mifimus,
873 2016 1052 2074 injurias
1089 2031 1141 2061 ac
1178 2015 1396 2063 libidines.

113 2078 117 2080 ’
155 2080 290 2141 Qod
306 2080 427 2125 enim
449 2080 601 2125 fanum
624 2080 785 2141 putatis
810 2080 855 2124 in
874 2079 957 2124 illis
979 2079 1103 2125 terris
1132 2079 1282 2126 nostris
1304 2095 1417 2136 mat-5

155 2143 402 2203 gistratibus
443 2141 714 2206 religiosum,
751 2159 890 2204 quam
924 2142 1149 2189 civitatem
1185 2142 1424 2203 sanctam„

145 2206 482 2266 quamdomum
522 2206 621 2250 satis
659 2206 849 2251 clausam
889 2221 941 2250 ac
982 2205 1207 2251 munitam
1229 2204 1390 2250 fuiss'e?
1372 2207 1413 2239 Ρ·

153 2268 282 2314 urbes
315 2268 412 2327 jam
432 2268 665 2330 locupletes
689 2283 740 2314 ac
761 2268 945 2329 copiosae
968 2268 1258 2329 requiruntur,
1297 2266 1392 2328 qui·
1405 2288 1410 2302 =

156 2330 234 2374 bus
263 2331 388 2376 causa
410 2331 513 2376 belli
537 2341 715 2393 propter
735 2331 971 2406 diripiendi
1002 2331 1291 2392 cupiditatem
1325 2330 1407 2374 in-²

154 2393 334 2441 feratur.
402 2394 617 2442 Libenter
647 2394 741 2442 haec
763 2410 915 2441 coram
944 2409 1046 2440 cum
1068 2391 1314 2457 QCatulo
1350 2394 1392 2435 δε
1436 2418 1437 2431 1

1196 2457 1271 2519 Q
1284 2453 1409 2500 Hor-
