1437 2589
233 111 300 168 In
348 109 868 167 C'AT1L1NAM
931 106 1037 163 IV.
1174 126 1300 182 109³

21 201 251 263 ¹fuscepisse
261 201 423 246 video:
459 199 529 245 sed
549 214 649 245 eam
669 198 749 243 effe
767 197 917 257 judico
939 209 1109 256 turpem
1150 200 1189 241 δε
1221 197 1287 242 in-

21 267 223 323 ffirmam,
262 274 561 323 contemptam
594 266 635 307 δε
672 261 902 320 abjectam.
971 258 1104 322 Qod
1141 258 1172 303 fi
1210 260 1289 304 alif

22 328 206 391 'quando
223 327 403 386 alicujus
420 327 562 372 fiirore
579 329 620 370 δε
634 323 786 370 scelere
808 323 1025 369 concitata
1041 337 1192 370 manus
1210 321 1287 368 ista

20 392 126 454 ,plus
141 391 338 446 valuerit,
374 386 508 452 quam
535 388 671 433 vestra
708 403 758 432 ac
793 385 1045 448 reipublicae
1075 384 1304 444 dignitas„

34 471 106 502 me
137 466 284 499 tamen
333 468 532 499 meorum
576 450 803 496 factorum?
831 461 959 510 atque
1006 447 1285 493 consiliorum

32 534 269 578 nunquam,
309 517 356 561 P.
383 517 437 562 C.
478 513 723 576 poenitebit.
792 512 1117 565 Etenim.mor8‚
1153 526 1286 571 quam

30 581 96 628 illi
130 580 242 626 mihi
282 578 448 625 fortaffe
462 578 735 631 minitantur,
769 575 974 621 omnibus
1005 574 1075 620 est.
1095 585 1282 635 parata:

30 644 131 691 vitae
160 654 328 689 tantam
349 642 539 696 laudem,
573 639 735 701 quanta
767 654 844 685 vos
882 654 954 684 me
976 636 1121 682 vestris
1138 636 1286 682 decree

16 707 83 754 -tis
121 705 383 760 honestastis,
419 720 549 750 nemo
585 703 644 748 est
678 703 895 748 assecutus,
964 699 1141 746 Caeteris
1159 699 1282 746 enirn

13 768 195 831 jsemper
231 769 340 814 bene
376 768 518 829 gestae‚
550 766 665 811 mihi
702 765 777 810 uni
811 763 1071 810 conservatae
1107 762 1283 823 reipub-

11 832 124 896 31icae
146 831 495 894 gratulationem
520 828 778 875 decrevistis.
845 827 911 873 Sit
948 825 1098 887 Scipio
1124 825 1285 879 clarus,

8 894 102 952 gille
126 895 243 954 cujus
265 893 445 939 consilio
481 904 609 954 atque
631 891 788 936 virtute
815 888 1044 936 Hannibal
1087 887 1133 933 in
1157 886 1281 934 Afri·

6 955 126 1011 f'cam
148 958 302 1011 redire,
338 968 465 1016 atque
496 972 559 1000 ex-
591 953 737 999 Italia·
758 953 963 998 decedere
998 952 1169 997 coac-‘tus
1189 950 1248 995 est
1267 966 1287 995 ι,

8 1019 200 1069 {ornetur
213 1020 320 1065 alter
339 1019 508 1064 eximia
542 1017 666 1063 laude
693 1016 940 1071 Africanus,
975 1013 1049 1075 qui
1078 1012 1182 1058 duas
1213 1028 1296 1072 urs

13 1082 101 1131 bes
136 1083 240 1129 huic
277 1080 466 1144 imperio
501 1080 796 1133 infestiffimas,
839 1077 1159 1139 Carthaginem
1181 1075 1280 1121 Nu-.

26 1146 325 1207 mantiamque
366 1143 530 1190 delevit
558 1160 570 1189 t
627 1141 838 1189 habeatur
872 1141 943 1186 vir
977 1139 1183 1201 egregius
1220 1138 1280 1185 L.

5 1209 212 1267 jPauHus,
252 1207 325 1254 ille
361 1206 481 1266 cujus
518 1220 693 1266 cursum
715 1220 792 1249 rex
814 1203 1122 1264 potentiffimus
1144 1216 1280 1263 quon-

12 1271 129 1323 dam
148 1276 190 1318 Sc
210 1269 493 1317 nobiliffimus
515 1267 658 1315 Perses
680 1267 923 1314 honestavit
945 1284 955 1312 :
990 1265 1041 1312 fit
1056 1266 1103 1311 in
1118 1276 1283 1311 aeterna.

2 1351 9 1359 ¹
57 1335 168 1381 loria
191 1334 378 1389 MariuS,
417 1332 493 1394 qui
525 1332 593 1378 bis
608 1331 788 1378 Italiam
826 1329 1050 1376 obfidione
1082 1332 1124 1373 δε
1158 1340 1279 1372 metu

38 1397 233 1443 ervitutis
246 1396 451 1443 liberavit
469 1412 478 1440 :
501 1405 788 1456 anteponatur
802 1392 1006 1439 omnibus
1023 1389 1275 1452 Pompeiu5‚

23 1460 139 1519 cujus
176 1476 242 1506 res
268 1460 407 1522 gestae
427 1469 555 1521 atque
584 1458 762 1504 virtutes
799 1455 966 1512 iisdem,
1000 1453 1154 1516 quibus
1175 1451 1277 1498 solis

20 1522 177 1577 cursus,
213 1522 467 1584 regionibus
505 1538 556 1568 ac
591 1519 789 1567 term-inis
823 1520 1108 1565 continentur.
1177 1515 1277 1564 Erit

20 1585 212 1647 profecto
247 1587 358 1632 inter
400 1585 559 1631 horum
595 1584 739 1630 laudes
781 1582 949 1643 aliquid
998 1580 1084 1626 loci
1122 1578 1281 1626 nostrae.
1353 1602 1356 1603 ⁷

11 1649 172 1710 gloria:
196 1667 205 1695 :
241 1648 319 1694 nifi
348 1646 459 1694 forte
493 1647 631 1706 majus
663 1649 721 1692 est
762 1645 1006 1705 patefacere
1028 1641 1150 1688 nobis
1173 1656 1273 1702 pro-

20 1712 198 1765 vincias,
235 1711 320 1772 quo
334 1711 454 1757 exire
477 1712 690 1770 poflimus,
716 1708 849 1771 quam
867 1723 1033 1761 curare,
1073 1717 1119 1750 ut
1135 1706 1271 1750 etiam

19 1773 180 1835 iniqui
212 1774 377 1829 absunt,
414 1774 606 1819 habeant
640 1772 726 1833 quo
767 1773 952 1816 victores
986 1778 1266 1814 reveitantur.

20 1837 283 1898 Qanquam
319 1839 375 1883 est
405 1852 490 1881 uno
528 1836 626 1881 loco
662 1832 1041 1881 conditionielior
1081 1839 1270 1877 externae

17 1899 224 1953 victorico,
259 1898 392 1961 quam
413 1899 678 1945 domesticae:
713 1897 829 1959 quod
851 1897 987 1942 hostes
1010 1893 1277 1955 alienigenae.

17 1974 89 2008 aut
122 1965 302 2023 oppressi
323 1963 523 2017 serviunt,
564 1973 636 2008 aut
667 1961 827 2021 recepti
863 1958 1075 2006 beneficio
1097 1956 1136 2003 se
1160 1955 1271 2002 obli-

0 2024 140 2087 'gatos
163 2036 341 2086 putant:
391 2026 464 2090 qui
490 2035 634 2070 autem
672 2040 728 2069 ex
766 2039 948 2070 numero
990 2020 1158 2067 civium
1196 2018 1269 2064 de-

15 2088 188 2135 mentia*
221 2088 368 2149 aliqui
413 2087 638 2149 depravati
676 2087 812 2132 hostes
847 2084 1001 2147 patriae
1033 2081 1164 2129 semel
1185 2082 1268 2128 effe

10 2162 253 2212 coeperunt,
296 2167 383 2206 e05,
424 2152 526 2197 cum
548 2148 573 2195 a
596 2149 787 2210 pernicie
824 2148 1009 2209 reipubl.
1046 2144 1265 2207 repuleris,

17 2227 153 2275 neque
175 2213 221 2258 vi
258 2229 474 2269 coercere,
514 2229 651 2273 neque
689 2213 901 2259 beneficio
930 2211 1103 2272 placare
1125 2208 1263 2269 poffis:

18 2275 164 2338 Qare
193 2277 306 2321 mihi
345 2293 447 2322 cum
476 2276 654 2337 perditis
684 2275 854 2321 civibus
876 2285 1082 2320 aeternum
1098 2269 1268 2317 bellum.

15 2337 251 2400 susceptum
273 2340 351 2384 effe
373 2339 500 2385 video
519 2358 528 2385 :
564 2339 681 2400 quod
695 2354 781 2400 ego
803 2338 940 2383 vestro
962 2335 1263 2392 bonorumque

17 2403 215 2450 munium
236 2402 419 2459 amilio,
469 2401 765 2464 memoriaque
800 2411 1018 2450 tantomm
1052 2396 1263 2460 periculo·

1148 2474 1276 2512 rum..
