1437 2589
143 187 231 234 fine
252 185 343 232 ullo
368 186 556 232 tumultu
589 182 687 230 satis
711 186 812 232 effet
826 186 1029 247 praefidij‚
1074 185 1316 235 consultum
1339 201 1391 235 ac

138 249 364 314 provisum
385 249 457 294 est.
526 247 687 294 Coloni
703 264 868 305 omneS,
906 249 1230 311 municipesque
1246 252 1389 305 vestri,

140 314 344 361 certiores
360 309 385 357 a
407 327 478 357 me
495 311 597 356 faeti
617 311 670 356 de
686 311 771 357 hac
792 312 1001 358 notturna
1020 315 1272 360 excursione
1306 315 1391 361 Ca—

139 377 293 432 tilinae,
318 371 448 421 facile
471 374 595 420 urbes
617 373 709 419 suas
723 372 910 436 finesque
931 375 1161 424 defendent
1179 395 1188 424 :
1223 377 1391 440 gladia-

139 451 270 496 tores,
287 454 421 500 quam
442 436 522 484 fibi
542 436 618 483 il?e
638 438 886 484 maximam
922 455 1104 485 manum
1141 445 1184 486 &
1219 441 1390 488 certissi-

139 520 262 550 mam
298 503 388 548 fore
414 501 600 562 putavit,
645 518 896 563 quanquam
917 502 1098 549 meliore
1114 504 1265 550 animo
1277 505 1386 558 sunt,

139 564 273 630 quarn
294 582 393 627 pars
416 564 722 620 Patriciorum,
762 566 966 626 potestate
989 576 1137 612 tamen
1168 567 1214 613 in
1239 568 1389 631 'nostra

137 628 485 677 continebuntur.
555 629 630 691 Q
661 628 884 684 Metellus,
928 645 1061 690 quem
1089 645 1191 692 ego,
1222 630 1387 693 prospi-

137 694 253 740 ciens
276 693 377 747 hoc,
411 692 459 737 in
476 706 633 752 agrum
652 691 939 737 Gallicanum
962 693 1258 756 Picenumque
1279 711 1386 756 prae-

138 757 254 811 mifi,
293 766 367 801 aut
381 756 602 816 opprimet
624 754 869 810 hominem,
906 766 979 801 aut
1000 772 1149 803 omnes
1179 757 1268 817 ejus
1291 774 1384 804 mo-

135 831 202 866 tus
221 818 481 880 conatusque
498 817 769 878 prohibebit.
838 817 1037 879 Reliquis
1062 832 1207 866 autem
1244 821 1298 866 de
1319 838 1383 867 re-

135 883 214 929 bus
230 881 549 936 constituendis,
589 880 871 937 maturandis,
906 882 1102 942 agendiS,
1125 884 1224 944 jam
1243 884 1298 930 ad
1310 887 1383 931 Se-

133 960 286 993 natum
307 945 556 1000 referemus,
595 961 729 1005 quem
766 945 914 990 vocari
938 946 1108 992 videtis.
1177 948 1382 994 Nuncil-

132 1010 213 1065 los,
253 1009 328 1070 qui
364 1008 411 1053 in
444 1008 549 1054 urbe
571 1007 877 1063 remanserunt,
902 1019 1030 1070 atque
1052 1009 1160 1056 adeo
1181 1011 1255 1072 qui
1279 1027 1380 1058 con-

131 1085 198 1120 tra
219 1072 337 1119 urbis
374 1071 568 1126 salutem,
605 1071 892 1133 omnium-que
913 1074 1118 1128 vestrum,
1158 1073 1204 1120 in
1226 1075 1332 1120 urbe
1353 1073 1380 1121 εὶ

132 1136 328 1183 Catilina
339 1135 479 1182 relicti
501 1135 609 1190 sunt,
645 1151 898 1197 quanquam
919 1135 1014 1181 sunt
1042 1136 1195 1192 hostes,
1230 1149 1378 1186 tamen

130 1200 236 1262 quia
257 1198 347 1246 nati
382 1199 478 1244 sunt
510 1198 643 1253 civeS,
682 1199 871 1245 monitos
907 1199 1041 1245 etiam
1079 1211 1206 1262 atque
1242 1201 1377 1248 etiam

128 1264 246 1309 volo.
315 1263 425 1308 Mea
446 1262 598 1308 lenitas
616 1262 773 1316 adhuc,
811 1262 842 1307 fi
878 1263 946 1308 cui
984 1263 1160 1309 solutior
1189 1263 1280 1310 Visa
1300 1266 1378 1321 est,

128 1326 216 1372 hoc
237 1324 519 1387 exspectavit,
556 1336 603 1371 ut
633 1325 695 1380 id,
733 1325 850 1387 quod
899 1326 1076 1381 latebat,
1113 1339 1371 1389 erumperet.

128 1390 262 1453 Qod
277 1389 493 1451 reliquum
502 1388 573 1444 est,
584 1388 680 1449 jam
696 1405 784 1435 non
805 1388 971 1450 posshm
994 1390 1211 1446 oblivisci,
1227 1407 1380 1437 meam-

124 1453 241 1500 hanc
256 1453 337 1499 esse
354 1452 555 1514 patriam,
582 1467 654 1498 me
676 1451 835 1498 horum
852 1453 931 1498 esse
950 1453 1186 1499 Consulem
1208 1471 1218 1499 z
1257 1452 1392 1500 mihi‘

125 1528 200 1563 aut
220 1532 322 1563 cum
345 1517 413 1561 his
435 1515 689 1570 vivendum,
736 1527 810 1561 aut
846 1532 927 1577 pro
964 1516 1034 1561 his
1069 1517 1150 1562 effe
1185 1518 1374 1564 morien·
1404 1557 1405 1560 ,

124 1580 244 1626 dum.
315 1579 476 1625 Nullus
518 1579 576 1624 est
610 1579 746 1640 portis
779 1580 928 1632 custos,
974 1579 1113 1625 nullus
1150 1579 1373 1628 insidiator

122 1644 240 1689 viae:
276 1641 307 1688 fi
330 1643 404 1705 qui
442 1642 565 1688 exire
601 1642 767 1696 volunt,
819 1642 1036 1688 consulere
1078 1642 1157 1688 fibi
1186 1645 1368 1705 possunt,

123 1705 328 1768 quivero
364 1705 411 1752 in
445 1704 552 1751 urbe
588 1705 630 1751 se
659 1706 963 1762 commoverit,
1005 1705 1123 1766 cujus
1157 1722 1243 1769 ego
1280 1724 1371 1755 non

123 1769 255 1816 modo
272 1769 450 1823 factum,
485 1769 555 1815 sed
574 1769 794 1830 inceptum
828 1770 964 1817 ullum
986 1769 1247 1817 conatumve
1268 1787 1369 1818 con-

121 1844 189 1879 tra
204 1832 394 1894 patriam
416 1832 755 1893 deprehendero,
779 1833 945 1886 sentiet,
969 1834 1017 1878 in
1039 1834 1122 1878 hac
1146 1834 1252 1880 urbe
1288 1835 1371 1880 effe

123 1896 328 1942 Consules
350 1895 602 1957 vigilanteS,
636 1895 717 1941 effe
752 1896 955 1958 egregios
978 1896 1264 1958 magistratus,
1288 1898 1369 1945 effe

120 1958 280 2005 fortem
296 1960 517 2014 Senatum,
551 1959 632 2005 effe
659 1974 799 2013 arma,
842 1960 923 2005 effe
945 1975 1163 2006 carcerem
1186 1977 1200 2011 3
1236 1976 1368 2022 quem

119 2022 343 2068 vindicem
378 2021 662 2077 nefariorum,
702 2037 754 2067 ac
793 2022 1120 2069 manifestorum
1141 2024 1370 2071 'scelerum

118 2085 305 2146 majores
328 2085 456 2130 nostri
479 2086 560 2131 ess‘e
581 2086 826 2134 voluerunt.
860 2087 1007 2148 Atque
1024 2086 1118 2132 haec
1135 2088 1286 2133 omnia
1306 2086 1366 2134 fic

117 2160 316 2210 agentur,
355 2148 567 2210 Qirites,
599 2160 647 2194 ut
683 2164 746 2194 res
783 2150 994 2195 maximae
1015 2150 1205 2196 minimo
1225 2162 1368 2208 motu,
1390 2193 1405 2203 ,,

116 2212 312 2272 pericula
327 2210 497 2257 summa
512 2212 632 2258 nullo
649 2212 849 2267 tumultu,
871 2213 1035 2258 bellum
1053 2213 1299 2259 intestinum
1313 2230 1366 2260 ac

115 2275 421 2330 domesticum,
462 2275 554 2336 post
575 2275 809 2320 hominum
846 2277 1109 2322 memoriam
1139 2276 1365 2323 crudeliffi-

117 2352 243 2383 mum
257 2353 308 2383 ac
323 2338 589 2393 maximum,
621 2353 694 2383 me
715 2354 802 2384 uno
824 2351 974 2400 togato
996 2339 1119 2394 duce,
1167 2344 1208 2386 <Sc
1225 2340 1366 2401 impe-

115 2411 272 2459 tatore,
296 2401 475 2465 sedetur,
543 2401 678 2466 Qod
709 2416 795 2467 ego
818 2401 876 2452 fic
903 2402 1228 2461 administrabo,
1252 2403 1364 2475 Qi-

1242 2477 1368 2523 ntes,
