1437 2589
159 78 277 136 Pro
310 27 1083 134 TsANNroMrrorr-E.
1183 91 1292 151 197

44 172 217 231 tribus:
236 172 277 219 se
290 170 616 233 interponebat:
641 168 873 215 Coloniam
889 182 1052 213 novam
1071 163 1285 213 delet‘tum

44 236 435 297 ,perditissimorum
489 230 704 280 scribebat
748 230 930 277 civium.
999 228 1176 292 Qanto
1210 229 1282 276 ille

57 299 181 360 plura
202 297 423 351 miscebat,
457 296 578 343 tanto
599 294 673 341 hic
694 294 837 356 magis
854 293 991 340 indies
1015 290 1282 339 convalesce-

56 363 152 410 bat.
201 362 316 410 'Ubi
345 360 460 407 vidit
491 361 630 405 homo
656 358 711 404 ad
732 373 862 403 omne
894 356 1057 403 facinus
1081 354 1284 416 paratissi-

56 441 151 471 mus
173 424 444 474 fortiffimum
463 423 625 477 virum,
663 421 1005 466 inimicissimum
1027 419 1166 473 suurn,
1191 433 1280 464 cer-

56 488 259 535 tiffimum
293 486 542 541 Consulem,
581 486 710 547 idque
743 483 974 539 intellexit,
1025 499 1112 528 non
1142 481 1282 527 solum

57 551 341 606 sermonibus,
376 551 447 600 sed
488 549 622 597 etiam
658 546 870 609 suffragiis
908 545 1061 608 populi
1087 544 1281 591 Romani

54 615 165 677 saepe
179 615 261 661 effe
278 613 544 660 declaratum
566 630 580 664 3
600 611 747 674 palam
768 626 899 673 agere
921 609 1070 670 coepit,
1096 613 1137 654 &
1160 623 1282 669 aper·

54 676 97 725 te
132 678 275 724 dicere
295 677 578 725 occidendum
608 675 842 721 Milonem.
909 675 1062 720 Servos
1098 671 1282 734 agrestes

56 746 96 788 δε
111 741 334 796 barbaros,
358 741 510 803 quibus
527 740 650 786 silvas
665 738 858 800 publicas
873 736 1154 798 depopulatus
1171 746 1279 789 erat,

55 804 363 866 Etruriamque
407 803 604 858 vexarat,
638 817 695 848 ex
718 800 984 862 Appennino
1025 799 1279 852 deduxerat,

54 884 160 929 quos
194 867 422 914 videbatis,
490 868 578 913 Res
610 877 703 911 erat
736 861 920 910 minime
952 861 1143 908 obscura.
1181 862 1281 906 Ete—

56 931 150 977 nim
182 931 328 992 palam
363 929 602 983 dictitabat,
639 927 920 975 Consulatum
961 925 1123 971 Miloni
1166 923 1279 984 eripi

55 1011 143 1040 non
175 994 304 1056 poss‘e,
340 994 477 1040 vitam
502 993 629 1054 poffe.
697 989 969 1054 Significavit
997 989 1082 1035 hoc
1103 988 1211 1048 saepe
1233 988 1280 1032 in

53 1060 225 1112 Senatu,
248 1056 377 1106 ⁴dixit
410 1056 454 1103 in
492 1056 715 1102 concione.
801 1053 1059 1116 Qinetiam
1082 1049 1281 1098 Favonio
1330 1108 1333 1109 ⁷

55 1120 279 1167 fortissimo
321 1121 433 1175 viro,
484 1117 690 1180 quaerenti
713 1133 770 1163 ex
792 1133 859 1170 eo,
896 1132 981 1177 qua
1024 1115 1094 1177 spe
1118 1114 1279 1160 fureret

56 1184 226 1231 Milone
247 1184 368 1239 vivo,
393 1183 626 1243 respondit,
662 1181 804 1226 triduo
822 1180 960 1234 iilum,
985 1179 1041 1235 ad
1061 1178 1279 1223 summum

54 1247 298 1308 quatriduo,
322 1247 577 1308 periturum.
645 1245 794 1307 Qam
809 1259 965 1290 vocem
986 1242 1074 1302 ejus
1093 1241 1148 1286 ad
1164 1241 1280 1286 hunc

56 1310 127 1356 M.
178 1311 394 1356 Catonem
431 1310 575 1355 statim
612 1307 826 1353 Favonius
860 1305 1026 1353 detulit.
1096 1304 1281 1350 Interim

56 1373 159 1418 cum
189 1372 312 1418 sciret
352 1373 531 1419 Clodius
586 1375 739 1432 (neque
786 1369 909 1415 enim
956 1380 1048 1415 erat
1102 1366 1281 1412 difficile

57 1435 180 1496 scire)
234 1436 315 1482 iter
369 1435 572 1488 solemne,
640 1434 910 1495 legitimum,
981 1431 1279 1485 necessarium,

55 1509 155 1545 ante
181 1499 300 1546 diem
337 1499 472 1544 XIII.
510 1497 606 1543 Cal.
644 1497 775 1542 Febr.
806 1496 974 1542 Miloni
1013 1495 1093 1541 effe
1136 1494 1279 1539 Lanu-

58 1561 180 1608 vium
219 1562 274 1608 ad
295 1561 523 1608 flaminem
559 1560 844 1622 prodendum,
881 1559 997 1620 quod
1015 1569 1108 1604 erat
1130 1557 1282 1603 DicIa·

56 1638 126 1672 tor
161 1624 352 1671 Lanuvii
394 1624 545 1675 Milo;
588 1623 736 1669 Roma
778 1622 918 1669 subito
950 1622 1037 1684 ipse
1067 1620 1282 1682 profeftns

57 1688 196 1750 pridie
210 1689 282 1743 est,
303 1700 350 1734 ut
363 1701 462 1733 ante
479 1687 600 1733 suum
615 1687 795 1732 fundum
813 1687 946 1747 (quod
959 1702 1003 1730 re
1017 1684 1283 1730 intellecffhim
1328 1704 1331 1707 Δ

56 1752 128 1812 est)
153 1751 318 1797 Miloni
348 1750 518 1797 infidias
553 1750 797 1796 collocaret.
832 1761 960 1811 atque
989 1746 1048 1794 itii
1070 1746 1282 1808 profec'tus

56 1816 128 1870 est,
163 1827 211 1860 ut
231 1813 488 1860 concionem
521 1813 825 1867 turbulentam,
861 1812 907 1858 in
932 1811 1019 1874 qua
1042 1811 1131 1870 ejus
1165 1809 1286 1855 furor

57 1877 313 1924 desideratus
336 1878 408 1932 est,
445 1894 541 1938 quae
562 1877 639 1922 illo
661 1876 753 1938 ipso
776 1875 845 1921 die
876 1876 1027 1922 habita
1048 1875 1120 1929 est,
1158 1872 1282 1918 relin-

52 1952 234 2003 queret:
269 1957 402 2002 quam
424 1940 504 1986 nisi
526 1940 647 1985 obire
686 1939 888 1984 facinoris
912 1939 1065 1985 locum
1099 1935 1284 1997 tempus-

58 2019 141 2065 que
169 2004 380 2060 voluiffet,
417 2020 640 2064 nunquam
678 2003 927 2063 reliquisset.
997 2001 1115 2047 Milo
1138 2013 1284 2044 autem

59 2068 164 2115 cum
181 2068 226 2113 in
249 2069 407 2114 Senatu
429 2066 567 2113 fuisset
587 2083 641 2112 eo
662 2066 748 2119 die,
773 2066 921 2127 quoad
942 2066 1120 2111 Senatus
1138 2060 1286 2107 dimis-

62 2130 127 2178 sus
143 2131 216 2186 est,
251 2131 434 2176 domum
455 2129 601 2175 venit:
626 2129 793 2175 calceos
817 2133 857 2174 Sc
880 2129 1134 2173 vestimenta
1147 2136 1286 2170 muta-

60 2195 152 2241 vit:
186 2192 400 2256 paulisper
415 2194 519 2238 dum
543 2193 586 2238 se
608 2209 719 2238 uxor
743 2196 805 2252 (ut
826 2193 886 2252 fit)
897 2198 1142 2252 comparat,
1168 2204 1285 2234 com-

69 2269 259 2304 moratus
276 2258 334 2302 est
357 2275 367 2302 ;
385 2257 540 2302 deinde
562 2256 776 2316 profec'ms
798 2255 916 2300 estid
940 2253 1162 2314 tempor-15,
1186 2253 1290 2297 etim

56 2318 154 2380 jam
188 2319 365 2366 Clodius
413 2319 634 2380 (siquidem
673 2335 725 2364 eo
762 2319 827 2364 dic
864 2319 1056 2364 Romam
1086 2329 1288 2361 venturus

63 2386 169 2444 erat)
186 2383 325 2430 redire
347 2384 596 2490 potuiffet.1
627 2382 826 2430 Obviam
858 2382 903 2428 fit
921 2380 962 2427 ei
985 2379 1290 2466 Clodiusffx-

633 2461 655 2508 5
1109 2452 1289 2500 penitus,
