2912 4368
1211 2665 1227 2720 *Ἰ
1216 2594 1232 2622 ’3η
1210 2549 1225 2564 1
1218 2475 1221 2479 ⁷

1588 1769 1597 1780 ·
1653 1749 1726 1794 est.
1795 1751 1919 1795 Tum
1941 1747 2102 1794 ostendi
2132 1748 2310 1794 tabellas
2354 1749 2575 1795 Lentulo·
2563 1781 2577 1800 ,
2635 1753 2676 1795 &
2707 1766 2782 1811 quc
2833 1751 2841 1759 '

1616 1908 1621 1911 ,
1656 1875 1829 1936 signum
1852 1875 2033 1947 quidem
2069 1886 2238 1930 notum,
2273 1875 2428 1945 imago
2466 1876 2537 1920 avi
2577 1877 2639 1921 tui
2683 1876 2783 1921 clari
2851 1877 2861 1885 ‘

1653 1045 1731 1102 9⁰
1997 1025 2538 1084 ORATIO

1651 1117 1831 1179 populo,
1866 1117 1964 1173 sese,
2000 1133 2095 1178 quae
2127 1132 2277 1163 eorum
2304 1118 2458 1178 legatis
2482 1117 2777 1174 confirmasset,

1651 1179 1866 1227 facturum
1885 1198 1897 1232 3
1930 1195 2066 1235 orare,
2082 1191 2128 1225 ut
2150 1181 2255 1226 item
2279 1180 2345 1225 illi
2368 1180 2572 1235 facerent,
2608 1198 2703 1243 quae
2738 1182 2779 1227 fil

1652 1244 1747 1304 gati
1764 1259 1916 1290 eorum
1933 1243 2239 1305 praecepiss'ent.
2305 1246 2427 1290 Tum
2444 1245 2680 1305 Cethegus,
2705 1246 2779 1306 qui

1652 1306 1697 1353 lo
1719 1319 1817 1354 ante
1838 1306 2006 1369 aliquid
2035 1318 2181 1353 tamen
2198 1306 2251 1352 de
2276 1306 2449 1368 gladiis,
2470 1323 2518 1352 ac
2537 1307 2645 1363 sicis,
2667 1323 2761 1368 quae

1650 1368 1795 1431 ipsum
1836 1381 1959 1416 erant
1986 1369 2273 1431 deprehensae,
2310 1370 2432 1430 respo
2435 1371 2599 1425 ndiffet,
2644 1371 2780 1416 dixisti

1651 1432 1693 1478 se
1717 1433 1884 1505 semper
1905 1433 2120 1480 bonorum
2137 1432 2496 1479 ferramentorum
2518 1433 2780 1480 studiosumf

1652 1497 1841 1543 recitatis
1869 1495 2004 1542 literis
2028 1495 2275 1542 debilitatus
2299 1508 2427 1557 atque
2450 1496 2655 1555 abjectuS,
2683 1499 2780 1543 coni
2847 1527 2862 1532 —

1653 1559 1716 1606 tia
1737 1559 1959 1605 convietus
1991 1571 2168 1620 repente
2191 1559 2416 1605 conticuit
2484 1560 2780 1606 Introdu&m⁴
2833 1561 2841 1569 '

1652 1623 1734 1668 lius
1756 1622 1970 1683 cognovit
1998 1626 2038 1667 δε
2074 1621 2247 1683 signum
2271 1626 2311 1666 δε
2335 1638 2515 1668 manum
2539 1622 2674 1668 suam
2710 1638 2781 1668 rec

1653 1684 1748 1732 sunt
1770 1685 1972 1731 tabellae
1961 1701 2006 1730 m
2041 1685 2229 1730 eandem
2251 1682 2339 1730 fere
2373 1686 2661 1732 sententiam:
2696 1701 2775 1732 con

1650 1812 1986 1874 cognosceretne
2005 1812 2191 1874 signum.
2227 1812 2392 1857 annuit.
2459 1812 2666 1868 Estvero,
2701 1829 2776 1876 inq

1653 1939 1756 1992 viri,
1791 1939 1866 2000 qui
1889 1939 2056 1984 amavit
2073 1935 2197 1983 unice
2215 1949 2310 1998 pati
2313 1954 2420 1994 mm,
2446 1943 2485 1983 &
2504 1939 2620 1984 cives
2642 1939 2765 1984 suos·
2754 1971 2766 1989 ‚

1654 2001 1836 2062 quidem
1852 2013 1894 2047 te
1915 1999 1941 2047 ὲ
1975 2012 2094 2047 tanto
2118 2001 2270 2047 scelere
2309 2002 2444 2047 etiam
2465 2014 2589 2048 muta
2608 2017 2785 2049 revocar
2849 2032 2864 2038 -

1655 2065 1764 2110 buit.
1833 2065 2059 2126 Leguntur
2089 2064 2243 2109 eadem
2267 2065 2434 2110 ratione
2457 2064 2512 2110 ad
2549 2067 2786 2111 Senatum

1654 2127 1845 2189 brogum
1878 2128 2177 2189 populumque
2199 2128 2345 2173 literae.
2413 2128 2458 2175 Si
2484 2128 2588 2189 quid
2610 2128 2663 2174 de
2685 2127 2754 2174 his
2775 2145 2786 2173 1

1653 2191 1798 2236 dicere
1821 2191 1966 2245 v,ellet
2003 2190 2085 2236 feci
2111 2192 2379 2252 potestatem.
2448 2191 2594 2252 Atque
2616 2191 2691 2237 ille
2721 2207 2787 2263 qu:
2817 2216 2821 2230 ι

1656 2253 1804 2315 primo
1822 2255 2032 2317 negavit:
2069 2255 2160 2315 post
2182 2265 2326 2300 autem
2349 2254 2587 2315 aliquanto,
2622 2265 2714 2309 toto
2735 2255 2799 2300 inv
2823 2255 2830 2263 '

1653 2317 1851 2378 exposito
1884 2329 2013 2379 atque
2043 2317 2176 2388 edito,
2212 2317 2425 2363 surrexit:
2462 2317 2656 2378 quaesivit
2689 2333 2715 2362 a
2738 2318 2780 2365 G

1653 2380 1761 2441 quid
1797 2381 1876 2427 fibi
1898 2382 1997 2426 esset
2023 2396 2124 2425 cum
2147 2380 2217 2435 iis,
2252 2380 2543 2451 quamobrem
2580 2380 2788 2427 domum.
2816 2405 2821 2419 ·

1655 2444 1894 2496 veniffent3
1938 2441 2131 2504 ite'rnque
2169 2442 2196 2489 εὶ
2239 2443 2489 2489 Vulturcio.
2555 2445 2648 2506 qui,
2693 2460 2790 2490 cum
2851 2445 2859 2452 ”

1655 2505 1843 2554 breviter
1866 2507 2190 2580 constanterque
2228 2506 2548 2567 respondissent,
2583 2523 2660 2568 per
2692 2523 2790 2569 quel
2820 2540 2823 2544 »

1654 2585 1757 2615 eum
1773 2567 2026 2632 quotie'sque
2045 2571 2285 2621 venissent3
2321 2570 2637 2631 quaesissentque
2659 2570 2714 2616 ab
2737 2587 2790 2616 eo
2836 2570 2866 2606 '-

1654 2631 1777 2679 hilne
1794 2632 1938 2679 secum
1960 2633 2059 2679 effet
2100 2633 2153 2678 de
2188 2633 2286 2679 fatis
2324 2633 2550 2693 Sibyllinis
2572 2634 2771 2680 locutus:

1654 2696 1728 2741 ille
1746 2696 1903 2751 subito,
1940 2696 2093 2743 scelere
2115 2697 2311 2752 demenS,
2344 2709 2505 2758 quanta
2542 2696 2606 2742 vis
2631 2696 2792 2743 conscie

1652 2760 1767 2814 esset,
1803 2759 2002 2807 ostendit.
2071 2761 2197 2806 Nam
2231 2776 2333 2805 cum
2355 2760 2401 2805 id
2435 2760 2567 2820 posset
2603 2760 2792 2815 inficiari,
2849 2789 2863 2797 -

1654 2820 1782 2882 pente
1810 2833 1964 2883 praeter
1989 2823 2246 2883 opinionem
2269 2823 2469 2868 omniurn
2491 2822 2696 2869 confeffus
2719 2823 2775 2868 est
2820 2848 2822 2850 ·
2845 2822 2860 2837 ⁸

1651 2901 1753 2931 eum
1772 2902 1858 2931 non
1890 2885 2022 2931 modo
2051 2886 2281 2947 ingenium
2303 2886 2424 2939 illud,
2467 2891 2506 2930 &
2537 2886 2708 2932 dicendi
2738 2901 2793 2932 ex
2835 2887 2866 2924 '-

1652 2948 1777 3002 tatio,
1815 2948 1900 3010 qua
1930 2949 2098 3009 semper
2118 2949 2282 2995 valuit:
2327 2948 2396 2994 sed
2418 2949 2553 2994 etiam
2591 2961 2769 3010 propter

1652 3010 1819 3056 sceleris
1837 3011 2053 3056 manifesti
2071 3023 2199 3073 atque
2212 3011 2480 3071 deprehensi,
2504 3012 2793 3072 impudentia,
2824 3036 2827 3047 ι

1650 3074 1878 3149 superabat
1905 3090 2073 3127 omneS,
2109 3074 2450 3136 improbitasque
2483 3074 2654 3120 defecit.
2723 3076 2796 3121 Vu
2849 3102 2864 3110 -

1652 3137 1744 3182 cius
1767 3137 1868 3182 vero
1885 3136 2025 3182 subito
2048 3137 2231 3197 proferri
2255 3138 2416 3192 literas,
2452 3148 2581 3198 atque
2595 3137 2753 3200 aperiri
2771 3137 2829 3198 j
2828 3172 2862 3192 ,

1651 3215 1756 3260 quas
1779 3198 1894 3245 fibi
1875 3216 1900 3244 a
1914 3201 2101 3246 Lentulo
2123 3201 2178 3246 ad
2197 3200 2436 3247 Catilinam
2459 3201 2579 3247 datas
2608 3201 2689 3246 esse
2710 3199 2798 3247 di
2894 3207 2896 3209 ’

1652 3264 1802 3323 Atque
1821 3262 1884 3308 ibi
1907 3260 2278 3310 vehementiffime
2299 3263 2567 3324 perturbatus
2591 3264 2797 3310 Lentulub
2841 3284 2862 3299 2

1651 3341 1756 3375 men
1778 3329 1818 3375 ὅσ
1843 3325 2015 3391 signum
2053 3331 2094 3376 &
2130 3343 2311 3377 manum
2346 3326 2467 3377 suam
2501 3327 2744 3394 cognovit3
2776 3342 2798 3372 e
2843 3333 2864 3371 t

2753 3405 2803 3439 at
