1437 2589
182 109 292 166 118
509 105 574 163 In
619 106 715 165 M.
750 108 1077 169 Antonium

170 199 230 244 ad
251 214 322 244 eos
341 198 513 253 referaS,
549 200 624 260 qui
642 199 759 245 suam
785 216 879 247 rem
900 203 1065 249 nullam
1079 204 1258 262 habent,
1293 217 1415 258 tuam

165 262 474 309 exhauriunt?
514 264 638 308 Tuus
678 262 885 311 videlicet
906 267 1097 313 salutaris
1139 269 1412 328 Consulatu5‚

167 325 434 386 perniciosus
470 342 606 372 meus.
673 327 856 372 Adeone
893 330 1107 390 pudorem
1150 348 1252 378 cum
1288 334 1415 396 pudi-

166 389 277 434 citia
299 389 538 450 perdidisti,
584 400 631 434 ut
658 389 743 435 hoc
772 391 819 436 in
851 408 903 438 eo
926 394 1093 455 templo
1115 395 1259 441 dicere
1289 396 1411 444 ausus

165 451 235 507 fis,
273 453 320 498 in
336 469 423 513 quo
457 467 544 513 ego
577 454 783 499 Senatum
814 454 955 512 illum,
991 458 1065 518 qui
1089 459 1310 519 quondam
1332 461 1412 507 fio-

161 532 261 561 rens
301 518 398 562 orbi
436 527 648 562 terramm
684 516 952 577 praefidebat,
1012 522 1325 569 consulebam:
1364 536 1411 570 tu

163 579 371 627 homines
392 579 695 642 perditissimos
725 596 827 626 cum
846 582 1004 643 gladiis
1027 584 1244 631 collocasti
1271 590 1286 632 ?
1344 589 1410 634 At

157 643 302 688 etiam
333 644 453 688 ausus
491 658 535 688 es
583 643 703 704 (quid
726 655 873 689 autern
904 646 977 700 est,
1018 648 1135 708 quod
1162 662 1209 694 tu
1225 666 1315 695 non
1333 666 1409 696 au-

159 706 263 752 deas
288 710 337 768 ἓ)
376 707 542 752 clivum
563 706 868 767 Capitolinum
890 709 1051 766 dicere,
1083 727 1156 756 me
1202 712 1402 769 Consule,

159 770 341 831 plenum
362 771 585 816 servorum
607 782 876 816 armatorum
909 771 1043 819 suiffe.
1113 776 1180 821 Ut
1200 775 1290 831 illa,
1315 791 1405 822 cre-

158 834 234 889 do,
270 833 439 880 nefaria
455 832 823 880 Senatusconsulta
838 834 1001 891 fierent,
1032 836 1128 882 vim
1151 837 1403 888 adferebam

157 897 350 943 Senatui.
419 898 465 942 O
503 896 648 951 miser,
700 896 788 942 sive
821 898 897 943 illa
930 899 1011 944 tibi
1056 913 1161 946 nota
1197 918 1285 948 non
1309 902 1403 950 sunt

161 960 292 1019 (nihil
328 960 451 1006 enim
476 960 583 1006 boni
618 960 740 1021 nosti)
779 960 865 1006 sive
887 960 996 1017 sunt,
1042 964 1116 1024 qui
1151 965 1265 1025 apud
1295 967 1400 1012 tales

155 1024 274 1069 viros
293 1036 384 1070 tam
407 1023 681 1085 impudenter
701 1024 915 1084 loquare?
963 1027 1074 1088 Qis
1111 1028 1231 1073 enim
1272 1045 1399 1090 eques

154 1087 400 1143 Romanus,
437 1087 531 1149 quis
553 1099 709 1148 praeter
746 1099 789 1132 te
821 1088 1065 1134 adolescens
1083 1091 1260 1147 nobilis,
1301 1094 1398 1154 quis

153 1150 282 1196 ullius
303 1151 485 1206 ordinis,
521 1150 659 1212 quise
694 1150 839 1196 civem
861 1152 941 1197 este
974 1154 1250 1210 meminisset,
1295 1171 1397 1202 cum

151 1216 330 1261 Senatus
369 1215 416 1261 in
449 1214 535 1259 hoc
573 1214 739 1274 templo
778 1215 892 1268 esset,
930 1216 975 1260 in
999 1216 1115 1262 clivo
1141 1218 1397 1277 Capitolino

149 1294 241 1324 non
263 1279 378 1324 fuit?
419 1278 515 1339 quis
551 1293 713 1323 nomen
736 1294 823 1323 non
846 1277 966 1324 dedit
989 1283 1004 1324 ?
1042 1286 1291 1341 quanquam
1313 1298 1394 1328 nec

147 1341 302 1388 feribae
322 1341 527 1396 sufficere,
554 1357 634 1386 nec
655 1341 812 1387 tabulae
834 1342 1019 1388 nomina
1046 1343 1222 1389 illorum
1240 1361 1395 1406 capere

147 1417 393 1467 potuerunt.
462 1405 642 1450 Etenim
685 1420 785 1450 cum
824 1404 1026 1450 homines
1056 1407 1208 1467 nefarij
1232 1409 1284 1453 de
1317 1424 1394 1469 pa-

146 1470 244 1514 triae
266 1468 504 1531 parricidio
536 1469 853 1522 confiterentur,
899 1468 1172 1515 consciorum
1194 1470 1389 1528 indiciis,
1436 1482 1437 1489 ¹

144 1533 221 1579 sua
237 1549 385 1587 mann,
425 1548 533 1578 voce
562 1548 675 1593 pene
717 1532 944 1577 literarum
971 1534 1126 1588 coaffi,
1164 1531 1205 1579 se
1234 1535 1389 1581 urbem

141 1597 440 1654 inflammare,
479 1595 596 1641 cives
630 1595 862 1650 trucidare,
900 1596 1064 1641 vastare
1086 1597 1280 1653 Italiam,
1317 1598 1390 1644 de-

146 1660 237 1706 lere
267 1659 467 1721 rempub.
505 1658 781 1709 consensiffe3
817 1658 914 1719 quis
949 1659 1064 1715 effer,
1121 1660 1195 1721 qui
1233 1661 1288 1706 ad
1326 1660 1388 1706 sa-

142 1724 280 1769 lutem
303 1738 586 1769 communem
609 1721 927 1768 defendendam
962 1738 1050 1768 non
1085 1723 1385 1772 excitaretur?

142 1786 384 1850 pracsertim
419 1802 522 1832 cum
556 1788 733 1831 Senatus
766 1785 1036 1847 populusque
1073 1786 1208 1832 Rom.
1253 1787 1387 1833 habe-

141 1862 208 1896 ret
224 1851 395 1905 ducem,
441 1849 578 1911 qualis
594 1849 702 1910 siqui
719 1864 833 1894 nunc
853 1849 969 1904 effet,
994 1849 1076 1894 tibi
1108 1850 1243 1906 idem,
1268 1851 1385 1912 quod
1408 1868 1411 1871 ·

140 1914 228 1959 illis
262 1914 439 1968 accidit,
486 1913 747 1973 contigisset.
812 1912 886 1957 Ad
930 1911 1192 1973 sepulturam
1230 1930 1384 1976 corpus

140 1977 288 2022 vitrici
319 1977 380 2022 sui
412 1988 544 2038 negat
574 1973 600 2020 ὲ
636 1992 708 2021 me
730 1975 894 2020 datum.
961 1976 1066 2022 Hoc
1100 1991 1205 2022 vero
1239 1993 1294 2023 ne
1332 1978 1379 2024 P.

136 2040 319 2103 quidem
351 2040 531 2085 Clodius
571 2038 689 2084 dixit
711 2054 938 2100 unquam:
971 2055 1121 2100 quem,
1153 2040 1258 2101 quia
1285 2039 1381 2100 jure

135 2106 178 2150 ei
199 2104 260 2149 fui
284 2103 507 2157 inimicu5‚
532 2102 659 2148 doleo
683 2100 707 2147 εἰ
741 2114 782 2147 te
811 2101 908 2160 jam
930 2103 1132 2147 omnibus
1155 2102 1276 2149 vitiis
1297 2103 1378 2152 effe

134 2167 395 2229 superatum.
465 2165 587 2229 Qid
624 2177 770 2211 autem
809 2165 892 2210 tibi
930 2166 1051 2211 venit
1085 2166 1131 2211 in
1163 2178 1374 2222 mentem,

132 2231 333 2291 redigere
367 2230 414 2275 in
444 2228 709 2274 memoriam
730 2228 934 2283 nostram,
972 2240 1014 2273 te
1047 2228 1168 2274 dorni
1192 2229 1240 2274 Ρ.
1264 2229 1378 2276 Len-

131 2293 212 2340 tuli
235 2294 315 2339 effe
350 2293 616 2338 educatum?
664 2307 719 2336 an
752 2291 972 2346 verebare,
1013 2307 1068 2337 ne
1097 2307 1185 2337 non
1206 2303 1376 2353 pvffsre-

130 2373 226 2403 mus
244 2356 397 2402 natur&
413 2369 454 2401 te
478 2355 657 2417 potuisse
680 2366 770 2400 tam
795 2354 1051 2414 improbum
1072 2355 1271 2409 evadere,
1289 2355 1371 2401 nisi

128 2420 351 2470 accessisset
379 2419 516 2468 etiam
536 2418 767 2481 disciplina
790 2422 807 2465 Ξ
841 2419 965 2465 Tam
986 2431 1132 2466 autem
1169 2434 1263 2466 eras
1296 2433 1372 2465 ex-

1257 2497 1370 2538 cors,
