1437 2589
146 132 224 172 20
484 109 1025 170 ORATIO

134 204 367 266 judicium,
402 204 452 251 P.
477 205 531 250 C.
567 201 801 265 quamlate
817 214 976 266 pateat,
1011 202 1227 249 attendite.
1272 202 1381 249 Om-

139 286 214 315 nes
234 268 356 315 enim
391 267 465 329 qui
505 267 560 312 ad
582 268 659 313 illa
690 284 811 313 arma
833 268 924 313 fato
960 266 1101 312 sumus
1131 266 1273 312 nescio
1295 282 1383 328 quo

139 332 308 394 reipub
328 331 482 377 misero
504 330 751 393 funestoque
767 329 993 408 compulsi,
1034 330 1109 375 etfi
1130 330 1277 391 aliqua
1296 329 1385 375 cul

141 411 200 458 pa
221 407 417 442 tenemur
437 394 590 440 erroris
623 394 822 450 humani,
857 412 883 440 a
921 393 1076 438 scelere
1093 404 1204 438 certe
1227 392 1384 438 libera-

139 460 174 505 ti
199 452 353 504 sumus.
422 458 548 503 Nam
570 473 673 503 cum
707 458 778 502 M
799 457 1078 512 Marcellum,
1118 455 1385 518 deprecanti-

141 523 220 568 bus
258 521 402 576 vobiS,
436 521 604 582 reipub
641 521 945 571 conservavit3
980 532 1144 566 memet
1174 519 1304 574 mihi,

141 587 249 632 item
290 585 457 646 reipub.
494 585 613 630 nullo
644 585 913 646 deprecante,
968 583 1155 644 reliquos
1184 582 1384 645 amplifli-

139 665 237 694 mos
274 649 392 693 viros
431 651 472 692 &
510 648 589 694 fibi
613 648 729 709 ipfis,
766 653 806 693 &
838 647 989 709 patriae
1010 647 1226 697 reddidit;
1278 662 1384 707 quo-

141 728 239 757 rum
258 716 298 756 &
331 711 620 772 frequentiam
643 716 683 756 δε
706 711 967 771 dignitatem
989 709 1074 755 hoc
1106 709 1199 781 ipso
1221 711 1267 754 in
1284 725 1386 756 con·

139 775 242 820 seffu
282 774 473 819 videtis:
526 791 615 820 non
647 774 721 818 ille
753 775 888 819 hostes
921 773 1134 818 induxit
1122 790 1169 818 m
1199 773 1383 828 curiam,

141 838 212 883 sed
244 836 473 897 judicavit,
531 854 557 883 a
593 835 819 913 plerisque
848 837 1125 899 ignoratione
1168 836 1310 898 potius
1343 841 1383 882 &

141 900 248 946 falso
271 913 399 963 atque
423 900 541 945 inani
564 912 698 955 metu,
740 917 873 961 quam
911 900 1147 961 cupiditate
1179 912 1252 946 aut
1291 915 1386 945 c1·-u

109 1000 114 1002 ,
141 964 317 1010 delitate
349 963 524 1025 [civile]
558 964 723 1009 bellum
743 964 822 1009 effe
846 964 1098 1024 susceptum.
1167 964 1269 1026 Qo
1292 962 1386 1024 qui-

142 1028 244 1073 dem
283 1028 329 1074 in
365 1027 478 1072 bello
511 1027 677 1098 semper
713 1026 766 1071 de
820 1043 926 1088 pace
958 1026 1177 1089 agendum
1209 1026 1385 1072 audien-

143 1091 336 1152 dumque
357 1091 437 1136 esse
460 1092 648 1163 putavi3
698 1091 970 1162 semperque
971 1091 1106 1145 dolui,
1141 1106 1230 1135 non
1250 1090 1385 1136 modo

142 1168 314 1216 pacem,
350 1153 422 1199 sed
452 1154 696 1200 orationem
727 1154 862 1200 etiam
884 1154 1051 1200 civium
1073 1169 1227 1215 pacem
1261 1153 1387 1214 flagi-

141 1218 330 1264 tantium
372 1217 603 1278 repudiari.
679 1218 841 1278 Neque
882 1218 1023 1263 enim
1034 1232 1122 1278 ego
1163 1217 1255 1270 issa,
1306 1233 1386 1263 nec

143 1281 232 1326 ulla
262 1296 457 1342 unquam
489 1281 650 1327 secutus
684 1280 776 1325 sum
799 1297 922 1326 arma
957 1281 1145 1330 civilia;
1202 1280 1387 1341 semper-

144 1360 228 1406 que
252 1360 349 1390 mea
370 1343 547 1390 consilia
569 1344 687 1405 pacis
711 1348 752 1389 <Sc
771 1354 884 1406 togae
901 1343 1031 1399 socia,
1081 1360 1167 1391 non
1189 1343 1290 1390 belli
1326 1355 1386 1389 at-

144 1423 227 1469 que
249 1423 471 1453 armorum
487 1407 670 1453 fuerunt.
736 1408 985 1453 Hominem
1006 1408 1098 1452 sum
1119 1407 1279 1452 secutus
1301 1407 1390 1468 pri-

144 1483 249 1517 vato
285 1471 447 1527 officio,
481 1487 570 1517 non
607 1469 818 1532 publico:
868 1482 1121 1533 tantumque
1159 1471 1274 1532 apud
1316 1487 1388 1515 me

146 1535 261 1596 grati
305 1534 442 1580 animi
481 1534 616 1581 fidelis
653 1534 869 1579 memoria
888 1534 1040 1589 valuit,
1075 1545 1122 1580 ut
1157 1534 1276 1580 nulia
1299 1549 1387 1580 non

147 1598 281 1643 modo
304 1598 556 1659 cupiditate,
592 1597 662 1644 sed
694 1614 747 1642 ne
770 1597 841 1659 spe
878 1597 1073 1659 quidem,
1108 1598 1307 1659 prudenS,
1345 1603 1387 1644 δε

146 1661 283 1707 sciens
320 1672 529 1724 tanquam
549 1661 605 1707 ad
626 1661 848 1708 interitum
883 1677 1052 1707 ruerem
1073 1662 1385 1707 voluntarium

147 1724 282 1788 Qod
303 1725 481 1786 quidem
512 1740 661 1771 meum
682 1724 908 1770 confilium
945 1722 1131 1771 minime
1161 1725 1391 1771 obscurum

145 1787 243 1834 fuit.
312 1789 437 1834 Nam
462 1793 503 1833 δε
540 1789 588 1834 in
611 1789 695 1834 hoc
723 1788 889 1842 ordine,
941 1788 1112 1850 integra
1142 1805 1202 1844 re,
1254 1788 1392 1833 multa

147 1850 200 1896 de
234 1866 341 1922 pace
363 1851 494 1896 dixi·
481 1883 495 1902 ‚
554 1856 595 1897 &
618 1851 664 1897 in
680 1850 773 1911 ipso
793 1851 911 1898 bello
931 1852 1085 1898 eadem
1120 1852 1256 1898 etiam
1288 1867 1390 1897 cum

148 1914 303 1975 capitis
341 1915 431 1960 mei
454 1914 646 1977 periculo
669 1914 784 1960 senfi.
854 1916 923 1960 Ex
942 1932 1028 1977 quo
1044 1915 1141 1974 jam
1163 1931 1292 1961 nemo
1309 1915 1393 1961 erit

148 1989 240 2022 tam
277 1977 450 2036 injustus
488 1993 633 2023 rerum
672 1978 917 2033 aestimator,
974 1979 1048 2040 qui
1078 1979 1261 2034 dubitet,
1297 1994 1393 2040 quae

149 2039 328 2087 Caesaris
345 2042 542 2087 voluntas
557 2042 611 2086 de
626 2041 741 2087 bello
758 2041 915 2092 fuerit3
949 2042 1052 2088 cum
1067 2042 1187 2113 pacis
1203 2043 1394 2088 auctores

147 2103 459 2150 conservandos
496 2104 637 2150 statim
672 2103 892 2160 censuerit,
949 2105 1111 2150 caeteris
1148 2105 1276 2151 fuerit
1311 2105 1394 2151 ira·

148 2166 250 2211 tior.
317 2168 463 2229 Atque
504 2167 551 2213 id
593 2167 735 2213 minus
771 2168 933 2214 mirum
969 2168 1186 2214 videretur
1226 2168 1394 2215 fortasse

149 2240 260 2284 tum,
295 2245 397 2276 cum
433 2230 564 2277 effet
552 2242 734 2277 incertus
756 2232 913 2288 exitus,
971 2236 1011 2277 δε
1045 2247 1201 2293 anceps
1222 2232 1411 2286 fortuna,

150 2291 270 2337 belli.
339 2293 430 2356 Qi
453 2293 555 2340 vero
590 2295 730 2340 victor
770 2295 890 2356 pacis
928 2296 1118 2342 auctores
1159 2295 1342 2372 diligit,
1357 2296 1407 2353 is¹

149 2354 342 2415 profecto
377 2357 564 2403 declarat
584 2358 624 2403 se
646 2358 837 2404 maluiss‘e
857 2374 945 2405 non
981 2358 1206 2415 dimicare,
1261 2373 1408 2421 quam>

150 2417 338 2467 vincere,
406 2420 553 2484 Atque
583 2420 710 2484 hujus
746 2421 926 2489 quidem
960 2421 1025 2471 rei
1061 2421 1133 2471 M.
1179 2422 1406 2533 Marcelkss⁴

1331 2498 1406 2544 um
