2912 4368
451 1125 940 1199 PHILIPPICA
990 1138 1067 1195 ΙΙ.
1267 1156 1373 1210 143

5 1278 9 1282 ,
75 1242 86 1251 ““
146 1252 155 1293 ’ἷ-
181 1232 267 1278 uod
302 1233 546 1294 Augurem,
587 1246 666 1276 nec
702 1230 807 1275 facit
829 1230 944 1289 quod
967 1229 1216 1288 pudentem,
1242 1228 1378 1273 decet.

40 1304 88 1314 “
146 1300 296 1355 *itque
325 1312 380 1341 ex
420 1296 496 1340 isso
518 1294 588 1339 die
614 1293 902 1341 recordamini
926 1292 1014 1350 ejus
1045 1291 1172 1352 usque
1203 1291 1257 1336 ad
1280 1290 1381 1336 Idus

153 1358 155 1398 J
178 1358 337 1403 hstias
357 1358 653 1404 Consulatum.
704 1357 812 1418 Qis
832 1371 1020 1416 unquam
1046 1355 1268 1415 apparitor
1290 1367 1381 1399 tam

136 1443 157 1458 w
184 1421 347 1476 umilis,
388 1433 479 1467 tam
498 1421 716 1479 abjectus?
756 1419 866 1463 nihil
889 1419 977 1478 ipre
993 1429 1161 1479 poterat
1182 1436 1192 1462 ε
1230 1417 1384 1463 omnia

156 1478 157 1495 ³
181 1486 333 1546 )gabat
357 1504 365 1530 ;
391 1497 519 1546 caput
543 1484 587 1528 in
606 1481 829 1527 adversam
847 1482 1048 1526 lecticam
1072 1480 1273 1534 inserens,
1309 1480 1383 1524 be-

181 1549 317 1603 elicia,
358 1565 454 1609 quae
498 1547 715 1600 venderet,
753 1543 777 1590 a
812 1545 982 1606 collega
1012 1544 1197 1605 petebat.
1267 1545 1384 1589 Ecce

182 1611 394 1657 >olabellae
417 1610 699 1657 comitiorum
714 1609 803 1653 dies
829 1626 841 1658 3
868 1608 1033 1653 sortitio
1054 1607 1380 1669 praerogativae3

184 1674 329 1720 diescit
354 1691 366 1724 ;
403 1674 678 1719 renunciatur
702 1689 711 1716 :
757 1684 897 1721 tacet3
936 1670 1078 1731 prima
1099 1671 1229 1716 classis
1252 1686 1382 1715 voca-

186 1754 242 1787 2r3
289 1738 562 1782 renunciatur
587 1754 596 1781 2
628 1735 795 1788 deinde,
840 1746 886 1779 ut
908 1734 1067 1788 astolet,
1098 1733 1382 1793 suffragatum

188 1801 329 1846 cunda
373 1801 503 1845 classis
547 1810 759 1843 vocatur:
817 1813 911 1858 quae
947 1797 1098 1842 omnia
1134 1796 1259 1841 citius
1289 1797 1383 1843 sunt

191 1864 274 1916 (fta,
311 1860 443 1924 quam
477 1862 584 1907 dixi.
656 1860 867 1907 Confecto
909 1860 1088 1921 negotio
1131 1860 1266 1905 bonus
1290 1861 1382 1905 Au-

189 1943 227 1970 ir
251 1926 451 1984 (Laelium
472 1926 649 1984 diceress)
695 1925 777 1968 alio
801 1925 881 1977 die,
913 1924 1066 1984 inquit.
1105 1924 1130 1968 ὀ
1154 1923 1382 1983 impuden-

191 2005 255 2034 1m
299 1989 559 2050 singularem
579 1989 586 2032 ἱ
626 1987 730 2048 quid
758 1987 927 2031 videras
952 1990 967 2032 ?
1014 1986 1118 2047 quid
1158 1985 1337 2031 senseras
1363 1991 1380 2032 ?

191 2052 253 2097 1id
275 2052 470 2097 audieras
496 2055 510 2097 ?
548 2067 625 2097 nec
649 2051 768 2095 enim
793 2062 832 2094 te
854 2050 906 2094 de
938 2050 1043 2094 caelo
1067 2048 1244 2094 servfifle
1267 2050 1382 2096 dixi-

194 2150 209 2169 ,
248 2131 385 2177 neque
409 2114 538 2160 hodie
573 2114 694 2159 dicis.
766 2114 819 2158 Id
842 2112 978 2173 igitur
1000 2112 1181 2158 obvenit
1200 2113 1378 2169 vitium,

191 2179 259 2223 iod
287 2191 331 2224 tu
348 2178 443 2237 jam
468 2177 670 2223 Calendis
693 2177 789 2236 Jan.
821 2176 1011 2221 futurum
1053 2176 1132 2221 effe
1170 2178 1381 2236 praevide-

193 2257 227 2295 S,
248 2245 289 2286 &
312 2240 431 2286 tanto
454 2238 553 2286 ante
575 2239 850 2300 praedixeras.
921 2238 1042 2300 Ergo
1056 2236 1230 2284 hercule
1252 2256 1381 2302 mag-

192 2324 215 2359 a,
261 2316 306 2350 ut
329 2303 467 2365 spero,
512 2304 584 2349 tua
608 2303 766 2363 potiuS,
804 2318 938 2362 quam
962 2303 1092 2363 Reip.
1131 2302 1380 2351 calamitate

192 2368 375 2412 nentitus
400 2383 443 2412 es
482 2365 673 2426 auspicia
699 2384 707 2410 :
742 2365 999 2411 obstrinxisti
1024 2366 1130 2426 Pop.
1156 2367 1289 2412 Rom.
1316 2384 1381 2413 re-

193 2431 321 2488 gione.
392 2431 548 2491 Augur
569 2429 759 2490 Auguri,
807 2427 968 2473 Consul
999 2428 1175 2474 Consuli
1213 2430 1381 2479 obnun-

194 2492 272 2538 isti.
343 2493 466 2538 Nolo
488 2493 627 2553 plura,
665 2489 719 2537 ne
733 2493 827 2537 ac'ta
844 2491 1087 2536 Dolabellae
1108 2492 1255 2538 videar
1277 2511 1378 2541 con-

197 2556 299 2601 llere
319 2574 331 2606 3
377 2572 473 2615 quae
489 2556 650 2601 necess'e
666 2556 724 2600 est
746 2555 979 2615 aliquando
1003 2554 1058 2600 ad
1079 2557 1266 2601 nostrum
1290 2560 1376 2604 col-

197 2620 310 2680 {ium
332 2619 589 2665 deferantur.
658 2618 741 2663 Sed
764 2617 1060 2679 arrogantiam
1083 2618 1289 2674 homini5‚
1315 2622 1377 2667 in-

200 2683 448 2743 entiamque
462 2681 724 2743 cognoscite.
761 2680 984 2742 Qamdiu
998 2693 1043 2725 tu
1057 2682 1190 2737 voles,
1202 2683 1377 2732 vitiosus

198 2745 301 2791 insul
318 2746 577 2790 Dolabella:
594 2744 746 2798 rursus,
762 2759 864 2789 cum
886 2744 1020 2798 voles,
1041 2744 1165 2789 salvis
1176 2747 1376 2807 auspiciis

199 2820 317 2854 tatuS.
336 2808 367 2853 fi
382 2808 495 2853 nihil
517 2808 590 2863 est,
615 2808 717 2853 cum
740 2808 898 2868 Augur
926 2807 979 2852 iis
1015 2808 1157 2853 verbis
1180 2811 1372 2868 nunciat,

200 2872 293 2917 ibus
309 2884 354 2916 tu
375 2871 579 2916 nunciasti
598 2889 606 2914 ε
625 2870 827 2916 confitere
848 2881 906 2925 te,
945 2886 1046 2915 cum
1069 2871 1152 2916 alio
1168 2874 1233 2916 die
1253 2874 1376 2920 dixe-

202 2971 211 2989 ,
224 2934 416 2980 sobrium
433 2951 520 2979 non
530 2933 664 2979 fuiffe.
719 2934 795 2979 Sin
812 2934 869 2979 est
883 2933 1028 2995 aliqua
1043 2934 1107 2979 vis
1126 2934 1169 2979 in
1188 2936 1269 2980 istis
1282 2953 1375 2983 ver-

207 3034 220 3052 ,
245 3013 405 3059 eaquae
428 2998 491 3050 fit,
525 2998 681 3058 Augur
710 2994 735 3041 a
762 2997 944 3058 Collega
965 2997 1153 3057 requiro.
1221 3001 1303 3045 Sed
1318 2998 1372 3047 nc}

204 3058 261 3116 te,
283 3077 338 3106 ex
354 3061 500 3107 multis
518 3060 641 3105 rebus
665 3061 790 3121 gestis
815 3061 885 3105 M.
911 3061 1111 3119 Antonij‚
1133 3077 1224 3107 rem
1238 3080 1371 3109 unam

205 3123 475 3169 [cherrimam
511 3123 721 3168 transiliat
758 3124 913 3178 oratio,
947 3124 1002 3168 ad
1025 3125 1369 3184 Lupercaliave-

206 3203 320 3232 fmus.
390 3187 499 3232 Non
513 3186 753 3240 dissimulat,
786 3187 832 3231 Ρ.
861 3187 914 3231 C.
951 3199 1133 3247 apparet
1147 3188 1227 3232 effe
1250 3205 1369 3236 com-

206 3261 322 3304 ·tum,
349 3248 481 3303 sudat,
507 3249 639 3310 pallet
664 3266 673 3294 :
709 3249 936 3310 quidlibet,
960 3250 1093 3295 modo
1111 3248 1164 3295 ne
1182 3252 1367 3307 nauseet,

209 3313 285 3366 iat,
321 3312 438 3373 quod
474 3312 519 3356 in
547 3312 716 3373 porticu
740 3312 938 3357 Minucia
961 3313 1078 3358 fecit.
1146 3314 1258 3375 Qae
1292 3332 1367 3375 po-

224 3376 303 3419 effe
329 3375 605 3435 turpitudinis
624 3388 752 3421 tantae
770 3375 956 3420 defensio
981 3380 996 3421 ?
1035 3376 1165 3435 cupio
1180 3378 1327 3423 audire
1353 3397 1365 3429 ;

211 3437 379 3486 videam
400 3438 476 3485 ubi
500 3438 705 3486 Rhetoris
723 3451 842 3549 targa
865 3455 1043 3496 merceS,
1091 3440 1161 3486 ubi
1187 3456 1365 3500 campus

860 3518 884 3546 2
1223 3504 1365 3551 Leoni
