1437 2589
258 117 998 197 ProLegeMAN1L1A.
1172 115 1275 171 161

27 244 29 246 -
60 229 199 276 quum
218 224 405 273 tempus,
455 227 545 256 non
583 209 639 254 ad
680 207 949 254 oblivionem
985 204 1137 252 veteris
1166 205 1285 259 belli,

65 278 138 323 sed
179 276 236 322 ad
275 273 651 335 comparationem
690 271 812 326 novi,
835 269 1029 315 contulit.
1099 269 1194 329 Qii
1214 283 1292 328 po-

61 341 148 386 stea
167 338 301 400 quam
321 336 539 382 maximas
561 332 799 380 aedificaffet
834 332 1098 392 ornassetque
1129 331 1291 385 classes,

61 400 361 462 exercitusque
396 413 674 461 permagnos,
711 395 1052 457 quibuscumque
1074 409 1131 439 ex
1154 393 1293 455 genti-

63 466 144 512 bus
167 464 378 526 potuiffet,
423 460 721 522 comparasset,
740 463 780 504 δε
795 458 836 504 se
859 456 1146 519 Bosphoranis
1168 455 1294 502 finiti-

63 528 148 574 mis
170 527 251 572 suis
289 525 453 571 bellum
475 525 632 571 inferre
654 521 882 567 simulasset
905 538 917 571 ;
963 520 1092 581 usque
1130 519 1174 565 in
1209 518 1296 564 Hi-

65 590 262 652 spaniam
282 589 447 650 legatos
466 586 698 632 Ecbatanis
719 585 833 629 misit
855 583 910 629 ad
939 599 1011 629 eos
1033 583 1177 637 duces,
1202 582 1296 643 qui-

66 652 248 699 buscum
267 664 362 698 turn
385 650 548 696 bellum
571 648 828 710 gerebamus
853 665 863 692 z
903 658 965 701 ut,
1005 662 1107 690 cum
1129 644 1296 690 duobus

36 711 46 721 “
68 716 116 761 in
146 715 252 760 locis
288 713 632 773 disjunctiffimis,
678 707 962 769 maximeque
984 708 1174 763 diverfis,
1212 724 1300 754 uno

69 777 261 833 consilio,
287 775 312 822 a
332 776 444 822 binis
467 775 654 821 hostium
689 774 826 834 copiis
869 772 1033 818 bellum
1057 771 1171 817 terra
1209 787 1301 815 ma-

71 842 193 901 rique
217 854 453 906 gereretur,
499 854 576 883 vos
599 836 778 898 ancipiti
802 835 1074 882 contentione
1098 833 1298 888 distracti,

71 905 124 949 de
147 903 335 963 imperio
355 901 634 947 dimicaretis.
701 899 785 945 Sed
807 912 953 944 tamen
974 897 1145 943 alterius
1169 896 1302 957 partis

70 966 331 1030 periculum,
379 964 636 1010 Sertorianae
687 974 815 1023 atque
849 960 1161 1022 Hispaniensis,
1207 975 1302 1020 quae

74 1029 211 1074 multo
238 1028 332 1089 plus
362 1026 625 1073 firmamenti
667 1041 718 1071 ac
755 1023 922 1070 roboris
966 1023 1171 1078 habebat,
1214 1027 1300 1067 Cn.

74 1092 273 1152 Pompeij
310 1090 462 1136 divino
497 1088 690 1143 confilio,
728 1103 778 1134 ac
801 1086 1008 1148 singulari
1041 1087 1200 1131 virtute
1233 1085 1305 1130 de-

74 1155 245 1216 pulsum
287 1153 379 1198 est:
435 1154 482 1198 in
513 1152 647 1198 altera
688 1163 808 1211 parte
843 1151 903 1197 ita
944 1165 1007 1194 res
1057 1147 1083 1194 a
1120 1148 1306 1194 Lucullo

74 1219 245 1264 summo
262 1217 356 1262 viro
378 1217 435 1262 est
456 1215 764 1270 administrata,
810 1225 857 1259 ut
901 1211 1026 1257 initia
1059 1211 1134 1256 illa
1174 1213 1308 1272 gesta-

77 1297 175 1326 rum
214 1295 358 1324 rerum
393 1294 557 1339 magna
590 1289 717 1338 atque
740 1276 959 1337 praeclara,
999 1291 1088 1321 non
1114 1274 1308 1321 felicitati

75 1343 183 1404 ejus,
228 1341 300 1387 sed
332 1341 519 1392 virtuti3
566 1341 661 1386 haec
698 1353 843 1386 autem
864 1351 1078 1393 extrema,
1114 1354 1211 1399 quae
1233 1354 1310 1383 nu-

77 1422 156 1470 per
192 1405 451 1460 acciderunt,
497 1420 582 1449 non
605 1402 759 1463 culpae,
783 1401 852 1447 sed
881 1402 1063 1446 fortunae
1084 1401 1312 1446 tribuenda

77 1471 159 1515 effe
181 1469 422 1513 videantur.
491 1468 574 1512 Sed
594 1466 647 1511 de
669 1464 852 1511 Lucullo
893 1465 1038 1510 dicam
1071 1463 1158 1509 alio
1194 1463 1308 1518 loco,

81 1534 210 1578 &ita
230 1530 391 1585 dicam,
415 1529 625 1593 Qirites,
667 1541 714 1574 ut
745 1543 883 1588 neque
915 1543 1018 1572 vera
1055 1526 1144 1572 laus
1181 1526 1223 1571 ei
1240 1527 1310 1572 de—

24 1637 31 1639 s
80 1596 216 1641 tracta
230 1593 424 1639 oratione
446 1592 601 1646 nostra,
646 1607 784 1652 neque
815 1590 918 1636 falsa
954 1590 1094 1635 afficta
1130 1589 1210 1634 esse
1246 1589 1309 1633 vi-

80 1658 244 1704 deatur.
317 1656 400 1702 Sed
443 1671 522 1717 pro
558 1654 684 1700 vestri
727 1652 894 1714 imperij
934 1653 1145 1713 dignitate
1183 1664 1310 1713 atque

81 1719 241 1782 gloria,
276 1718 486 1780 quoniam
507 1718 540 1762 is
563 1718 621 1762 est
658 1716 832 1762 exorsus
855 1715 1060 1761 orationis
1095 1731 1219 1769 meae,
1250 1716 1302 1760 viv

82 1786 180 1829 dete
217 1798 347 1843 quem
382 1781 505 1826 vobis
549 1780 747 1825 animum
802 1778 1116 1839 suscipiendum
1137 1779 1306 1838 putetis.

83 1845 278 1904 Majores
291 1843 415 1889 vestri
444 1843 570 1903 saepe,
610 1841 919 1888 mercatoribus
942 1857 992 1886 ac
1013 1840 1306 1886 naviculatori-

84 1909 163 1954 bus
197 1907 437 1967 injuriofius
459 1905 661 1958 tractatis,
707 1904 819 1950 bella
836 1905 1079 1965 gesserunt:
1124 1919 1217 1958 νος,
1252 1916 1310 1950 toi

82 1970 250 2018 civium
267 1972 571 2017 Romanorum
593 1967 786 2013 millibus
801 1983 888 2012 uno
910 1967 1068 2012 nuncio
1085 1979 1212 2027 atque
1229 1982 1315 2011 uno

85 2046 280 2094 tempore
312 2031 488 2086 necatis,
523 2047 608 2092 quo
630 2031 805 2077 tandem
827 2030 976 2075 animo
1009 2030 1089 2075 esse
1112 2029 1275 2074 debetis
1300 2034 1315 2075 ἓ

8 2138 15 2149 k
84 2088 355 2158 legatiqi16d
391 2106 514 2140 erant
541 2094 744 2154 appellati
767 2092 1006 2153 superbius,
1053 2091 1316 2137 Corinthum

4 2185 10 2225 3
27 2191 30 2194 ι
87 2172 228 2220 patres
245 2157 384 2212 vestri,
404 2158 534 2202 totius
557 2156 744 2202 Graeciae
765 2155 928 2209 lumen,
961 2154 1216 2200 exstinetum
1238 2155 1317 2200 effe

14 2239 20 2282 j
88 2222 317 2267 voluerunt
340 2237 348 2265 :
383 2235 460 2264 vos
473 2235 577 2264 eum
600 2233 750 2279 regem
772 2218 955 2263 inultum
979 2218 1057 2262 effe
1072 2216 1315 2276 patiemini,

52 2334 57 2343 ¹
88 2285 164 2344 qui
195 2284 389 2343 legatum
420 2283 467 2326 Ρ.
497 2281 689 2327 Romani
729 2281 1024 2333 Consularem,
1065 2279 1244 2323 vinculis
1268 2295 1316 2323 ac

89 2346 342 2392 verberibus
363 2357 489 2404 atque
526 2344 646 2389 omni
680 2343 889 2404 supplicio
924 2341 1225 2386 excruciatum
1248 2357 1317 2385 neb

19 2411 21 2416 ’
91 2407 209 2457 cavit
233 2412 248 2455 ?
292 2407 354 2453 ilii
392 2407 637 2455 libertatem
659 2406 825 2452 civium
846 2407 1150 2454 Romanorum
1177 2403 1300 2448 immi

1171 2479 1321 2513 nutam

0 2560 167 2589 *mu-1.
189 2582 214 2589 ,ε-
230 2586 234 2589 .
