1437 2589
278 55 393 114 Pro
429 54 1019 131 LegeMAN1L1A.
1200 74 1314 134 177

17 139 34 187 s
67 158 198 208 atque
236 146 483 194 mittendus.
537 161 651 192 nune
688 146 792 192 cum
827 146 882 192 ad
922 158 1096 193 caeteras
1126 146 1317 195 summas

14 258 16 261 .
38 210 275 260 'utilitates
311 210 404 255 haec
426 224 597 271 quoque
627 209 927 271 opportunitas
950 210 1227 273 adjungatur,
1270 225 1317 257 ut

12 297 30 326 5-
69 273 117 319 in
140 273 192 319 iis
215 272 315 334 ipsis
337 272 444 320 locis
469 272 592 327 adsit,
628 285 675 318 ut
704 273 865 318 habeat
886 276 1146 329 exercitum,
1182 286 1230 320 ut
1259 275 1317 320 ab

25 383 32 394 s
68 336 140 390 iis,
175 337 252 397 qui
290 336 469 391 habent,
505 337 701 397 accipere
738 337 882 382 statim
921 338 1069 397 poffit3
1106 336 1211 399 quid
1240 353 1317 382 ex-

68 398 304 460 spectamus
324 403 339 445 ?
363 411 434 445 aut
455 414 532 444 cur
551 415 653 454 non,
673 399 853 445 ducibus
873 399 955 445 diis
979 400 1337 457 immortalibue,

29 516 34 520 ²
67 462 225 517 eidem,
270 462 340 507 cui
373 473 530 508 caetera
565 461 735 507 summ&
772 479 873 508 cum
894 463 1026 509 salute
1066 463 1315 524 reipublicae

69 525 296 571 commissa
328 525 435 579 sunt,
471 525 558 570 hoc
586 542 760 587 quoque
790 525 953 572 bellum
992 526 1166 588 regium
1193 542 1314 572 com-

12 635 14 639 ,
71 588 322 635 mittimus?
358 589 422 633 At
442 588 562 633 enim
590 588 659 632 vir
681 587 946 644 clariffimus,
986 589 1312 645 amantiffimus,

70 651 176 713 reip.
202 651 347 698 vestris
368 651 589 697 beneficiis
612 652 879 712 ampliffimis
910 653 1101 708 affectus,
1138 654 1214 717 Q
1230 654 1319 698 Ca·

70 714 180 761 tulus
198 731 212 764 ;
254 714 445 775 itemque
475 713 652 760 summis
691 716 954 762 ornamentis
977 716 1189 771 ,honoris5
1233 717 1320 762 for—

72 789 202 833 tunae,
259 776 656 838 virtutis‚·ingenii
689 779 909 840 praeditus,
950 780 1317 841 QHortenfiuS‚

20 858 22 862 ·
71 841 128 887 ab
153 841 237 886 hac
269 842 433 886 ratione
455 840 728 887 diffentiunt:
764 858 949 903 quorum
971 857 1057 904 ego
1088 842 1318 888 auctorita-

70 915 162 950 tem
196 903 310 964 apud
343 919 420 948 vos
458 903 604 949 multis
642 905 749 950 locis
771 905 1007 966 plurimum
1040 906 1227 961 valuifl‘e,
1273 910 1315 952 δε

72 966 216 1012 valere
254 979 454 1027 oportere
491 968 723 1013 confiteor:
773 968 845 1015 sed
881 969 926 1014 in
965 969 1050 1015 hac
1071 969 1217 1023 causei,
1254 980 1325 1015 ta·-

71 1029 197 1076 metsx
234 1028 492 1090 cognoscitis
515 1031 786 1076 auctoritates
808 1031 1042 1078 contrarias
1075 1031 1319 1078 fortissimo-

73 1109 174 1138 rum
225 1092 422 1138 virorum
466 1097 508 1137 &
551 1092 874 1140 clarissimorum
892 1113 905 1146 3
964 1106 1111 1141 tamen
1155 1096 1317 1141 omiffis

73 1155 415 1211 auctoritatibus,
451 1155 548 1217 ipsit
585 1173 630 1201 re
665 1163 707 1202 <Sc
738 1158 902 1203 ratione
925 1158 1150 1220 exquirere
1180 1159 1319 1220 poss'u-

73 1235 170 1266 mus
192 1219 425 1265 veritatem
443 1237 453 1263 ·.
489 1230 615 1280 atque
637 1220 724 1266 hoc
745 1220 933 1276 facilius,
949 1222 1066 1282 quod
1078 1238 1131 1267 ea
1147 1223 1316 1276 omnia,

72 1298 170 1343 quae
207 1282 348 1327 adhuc
386 1281 412 1327 ὲ
445 1298 517 1327 me
557 1283 671 1329 dieta
702 1283 812 1339 sunt,
847 1285 985 1330 iidem
1014 1284 1079 1330 isti
1109 1301 1213 1330 vera
1234 1286 1317 1331 effe

74 1345 333 1400 concedunt,
372 1350 413 1390 δε
448 1346 729 1392 necessarium
766 1347 933 1393 bellum
975 1348 1071 1402 effe,
1110 1353 1150 1393 &
1190 1362 1317 1409 mag-

74 1423 197 1462 num,
236 1413 276 1453 &
300 1408 346 1452 in
368 1424 455 1454 uno
479 1409 562 1454 Cn.
590 1409 802 1470 Pompeio
840 1410 1009 1455 summa
1041 1411 1122 1456 effe
1151 1411 1314 1457 omnia.

75 1471 199 1533 Qid
220 1471 356 1532 igitur
371 1471 433 1517 ait
455 1472 711 1518 Hortensius
730 1477 745 1519 ?
781 1473 813 1518 fi
827 1475 901 1519 uni
917 1473 1069 1519 omnia
1089 1473 1318 1520 tribuenda

74 1533 184 1588 sunt,
233 1550 368 1579 unum
399 1535 696 1596 digniffimum
732 1537 812 1582 effe
835 1536 1122 1598 Pompeium:
1170 1537 1241 1582 sed
1262 1537 1328 1583 adv

74 1612 211 1642 unum
232 1608 382 1643 tamen
411 1598 562 1644 omnia
582 1598 739 1645 deferri
761 1616 850 1645 non
879 1613 1093 1661 oportere.
1180 1600 1321 1646 Obso-

74 1659 182 1707 levit
202 1659 297 1720 jam
319 1659 395 1706 ista
423 1661 578 1716 oratio,
616 1679 660 1708 re
682 1663 818 1709 multo
846 1664 988 1725 magis
1018 1661 1151 1726 quam
1173 1663 1318 1710 verbis

74 1723 271 1769 refutata.
341 1724 469 1770 Nam
490 1736 536 1770 tu
556 1725 691 1781 idern,
730 1726 1037 1789 QHortenfi,
1061 1726 1212 1781 multa,
1237 1743 1320 1788 pro

76 1786 152 1833 tufi
186 1785 355 1832 summa
389 1788 536 1849 copifi,
571 1806 622 1835 ac
655 1789 862 1851 singulari
903 1790 1105 1836 facultate
1126 1790 1318 1845 dicendi,

77 1853 120 1895 &
155 1849 201 1894 in
226 1851 384 1896 Senatu
418 1864 569 1897 contra
599 1853 746 1898 virum
773 1853 938 1899 fortem
971 1855 1029 1899 A.
1068 1853 1319 1900 Gabinium

4 1962 5 1969 ἵ
78 1913 275 1974 graviter
308 1911 543 1974 ornateque
564 1915 722 1971 dixisti,
757 1916 861 1962 cum
890 1917 925 1961 is
948 1916 1001 1962 de
1022 1933 1108 1962 uno
1132 1917 1320 1978 impera-

77 1986 170 2021 tore
205 1986 357 2021 contra
390 1978 611 2037 praedones
635 1980 930 2025 constituendo
951 1980 1098 2041 legem
1127 1980 1319 2041 promul-

78 2038 214 2099 gaffet
231 2056 245 2089 ;
281 2043 323 2085 &
358 2054 413 2084 ex
445 2041 532 2087 hoc
554 2041 647 2103 ipso
668 2042 766 2088 loco
790 2044 1007 2104 permulta
1029 2043 1147 2089 idem
1169 2054 1320 2088 contra

14 2157 18 2161 ι
76 2101 225 2163 [cgem
258 2101 393 2148 verba
427 2101 576 2150 fecisti.
646 2106 798 2169 Qid?
833 2118 942 2162 turn,
983 2122 1061 2167 per
1097 2107 1198 2151 deos
1236 2106 1320 2168 ixm-

78 2164 298 2220 mortaleS,
315 2166 342 2211 fi
361 2166 455 2225 plus
478 2168 593 2228 apud
615 2170 826 2230 populum
849 2171 1103 2215 Romanum
1133 2168 1318 2214 auctori·

78 2238 144 2274 tas
178 2238 267 2282 tua,
313 2226 447 2290 quern
468 2231 596 2292 ipsius
619 2232 769 2292 populi
794 2234 988 2278 Romani
1017 2233 1122 2277 salus
1148 2236 1187 2276 δε
1218 2247 1322 2277 vera

80 2288 208 2336 causa
241 2291 466 2342 valuiffet3
516 2294 648 2340 hodie
684 2297 798 2341 hanc
834 2296 1024 2357 gloriam
1069 2307 1193 2354 atque
1232 2294 1319 2339 hoc

81 2352 199 2402 orbis
221 2364 343 2404 terrae
363 2355 609 2421 imperium.
620 2369 858 2409 teneremus
879 2362 904 2406 ἓ·
929 2374 986 2408 an
1018 2358 1097 2406 tibi
1122 2370 1216 2404 tum
1229 2356 1321 2426 ‘im-

1148 2433 1322 2481 penum
