1437 2589
109 0 120 6 ,
136 0 249 23 —pa-

113 103 187 178 38
487 102 1042 160 ORATIO

103 196 272 258 legatus
311 205 410 242 ante
447 196 615 242 bellum
655 195 887 258 profectus,
943 196 1112 243 relic'tus
1164 199 1212 244 in
1250 210 1401 266 paces&

106 259 223 305 bello
240 260 472 321 oppressuS,
509 260 556 305 in
587 276 642 305 eo
664 275 754 306 non
775 260 971 315 acerbuS,
1006 272 1102 307 tum
1123 261 1259 308 etiarn
1292 260 1402 308 fui

107 333 220 368 totus
244 323 395 369 animo
436 328 477 369 &
516 323 655 371 studio
676 335 787 369 tuus.
855 323 931 370 Ad
963 323 1159 384 judicem
1203 325 1260 371 fic
1430 364 1431 370 ,

103 384 223 433 solet.
282 386 353 431 sed
389 401 476 448 ego
513 387 570 433 ad
591 398 819 449 parentem
839 387 1028 449 loquor:
1083 388 1257 444 Erravi‚
1429 396 1432 424 ³

66 494 69 496 .
107 446 227 496 mere
258 449 360 505 feci,
396 450 592 512 poenitet.
661 450 736 496 Ad
769 449 1051 498 clementiam
1072 462 1196 498 tuam
1227 449 1384 498 confu·:

107 511 386 575 giosdeliffi
421 515 600 561 veniam
623 525 741 576 pete,
798 525 846 561 ut
866 514 1066 576 ignoscas
1089 531 1196 562 oro:
1247 514 1280 561 fi
1303 529 1377 562 ne

107 592 186 622 mo
228 575 498 638 impetravit,
535 589 789 639 arroganter
813 595 824 624 ε
881 578 913 624 fi
933 578 1133 640 plurimi,
1189 588 1234 624 tu
1258 577 1348 625 ide·
1375 593 1382 611 -’

106 637 172 685 fer
188 655 338 701 opem,
390 641 466 703 qui
490 641 611 703 spem
643 640 809 687 dedisti.
878 643 954 687 An
974 641 1171 704 sperandi
1196 638 1376 704 Ligari·

107 702 237 749 causa
251 719 346 749 -non
369 703 435 757 sit,
472 705 576 752 chm
597 703 714 751 mihi
737 704 855 766 apud
875 716 917 751 te
934 704 987 752 sit
1002 705 1121 753 locus
1139 705 1276 751 etiam
1296 720 1376 767 pr·

108 765 247 812 altero
286 767 550 828 deprecandi
574 772 591 814 ἓ
658 768 929 831 Qanquam
949 784 1089 831 neque
1110 769 1158 814 in
1173 768 1259 814 hac
1281 783 1358 815 ora

107 829 228 875 tione
261 827 354 892 spes
386 831 445 876 est
465 830 607 892 posita
642 829 794 887 causae,
829 847 910 878 nec
947 832 994 878 in
1031 846 1185 878 eorum
1207 831 1378 888 studiis,

109 892 185 954 qui
209 890 236 938 a
257 904 299 939 te
321 909 402 955 pro
425 893 615 957 Ligario
651 905 820 956 petunt,
872 894 936 940 tui
960 894 1380 955 neceffarij›.V1·?.

109 956 248 1011 enim,
305 961 346 1002 δε
369 958 579 1018 cognovi,
638 957 747 1019 quid
783 955 983 1004 maxime
1017 958 1244 1020 spectares,
1279 957 1325 1004 cx
1346 981 1367 998 c·

110 1033 192 1080 pro
214 1018 396 1081 alicujus
419 1022 552 1068 salute
574 1021 703 1066 multi
720 1022 997 1068 laborarent:
1033 1019 1178 1068 causas
1202 1021 1336 1082 apud⁸
1364 1051 1369 1056 -

110 1082 368 1143 rogantium
384 1084 660 1145 gratiosiores
682 1084 780 1140 effe,
805 1101 939 1146 quam
957 1100 1106 1146 preces
1126 1103 1137 1130 z
1179 1100 1320 1146 neque
1348 1091 1378 1121 -έ

107 1144 314 1206 spectare,
349 1147 486 1209 quam
503 1158 599 1193 tuus
621 1147 724 1194 esset
745 1147 998 1194 necessarius
1017 1149 1071 1204 is,
1109 1148 1186 1210 qui
1218 1159 1266 1193 te
1289 1156 1381 1202 oras

112 1220 202 1263 ret,
229 1208 302 1255 sed
318 1208 455 1272 quam
476 1211 608 1266 illius,
634 1227 714 1271 pro
732 1228 820 1273 quo
835 1212 1067 1258 laboraret.
1136 1211 1292 1273 Itaque
1384 1237 1388 1259 1

113 1270 210 1317 buis
229 1284 276 1318 tu
298 1274 479 1335 quidem
499 1274 583 1321 tuis
607 1273 670 1321 ita
685 1275 840 1330 multa,
875 1286 923 1321 ut
939 1275 1055 1320 mihi
1072 1274 1286 1320 beatiores
1317 1274 1333 1320 i
1355 1293 1368 1332 y

111 1335 195 1380 effe
237 1336 468 1385 videantur
503 1338 740 1393 interdum,
792 1338 868 1399 qui
891 1337 968 1383 tua
1001 1338 1264 1383 liberalitate
1299 1335 1365 1399 sm

114 1410 259 1454 untur,
296 1399 432 1462 quam
454 1412 501 1447 tu
519 1400 625 1463 ipse,
663 1402 739 1464 qui
763 1400 851 1446 inis
872 1413 965 1448 tam
1000 1401 1140 1447 multa
1167 1398 1368 1464 concedi

113 1461 200 1508 Sed
220 1462 352 1510 video
385 1476 534 1511 tamen
571 1466 689 1527 apud
709 1476 751 1511 te
775 1465 936 1520 causas,
974 1476 1022 1510 ut
1043 1464 1163 1519 dixi,
1192 1478 1361 1527 rogan

113 1540 192 1570 um
229 1527 374 1574 valere
401 1529 514 1590 plus,
549 1528 685 1590 quam
706 1544 884 1589 preces:
919 1527 976 1573 ab
994 1527 1131 1589 iisque
1152 1538 1194 1572 te
1218 1541 1363 1573 mov--

115 1587 332 1647 maxime,
384 1608 574 1654 quorum
615 1591 886 1653 justiffimum
918 1590 1117 1637 dolorem
1152 1587 1302 1636 videas
1349 1592 1376 1647 -j

116 1654 319 1713 petendo.
387 1656 444 1701 In
478 1655 754 1764 &Ligario
791 1653 1104 1709 conservando,
1160 1651 1308 1699 multis
1341 1656 1381 1709 'j
1434 1678 1435 1694 ι

115 1715 298 1776 quidem
320 1730 497 1780 gratum
537 1720 651 1766 acies
669 1718 910 1765 necessariis
932 1718 1047 1764 tuis:
1082 1716 1156 1763 sed
1170 1717 1303 1778 hocq
1352 1745 1365 1753 ι-

115 1778 162 1824 so
183 1780 420 1838 considera,
457 1783 577 1845 quod
609 1781 730 1829 soles.
798 1782 972 1832 Poss‘um
993 1780 1238 1827 fortiffimos
1271 1779 1378 1825 vir

77 1846 85 1854 '
117 1838 319 1900 Sabinos,
356 1846 439 1891 tibi
479 1846 815 1908 probatiffim05‚
870 1856 1097 1906 totumque
1136 1858 1296 1905 agrum
1348 1905 1351 1910 .

118 1904 291 1963 binum,
339 1908 496 1955 florem
534 1910 690 1966 Italiae,
727 1909 860 1955 robur
904 1907 1092 1970 reipubl.
1131 1921 1359 1968 propone

118 1969 227 2014 nosti
265 1969 435 2032 optime
468 1972 685 2019 homines.
756 1972 1074 2018 Animadverte
1107 1970 1265 2016 horum
1297 1985 1354 2015 ι

119 2032 245 2079 nium
286 2035 538 2082 moestitiam
572 2042 612 2081 δε
653 2035 864 2081 dolorem.
934 2033 1062 2094 hujus
1092 2036 1154 2080 T.
1183 2034 1296 2081 Broc
1357 2042 1364 2045 “

120 2095 174 2143 de
198 2113 285 2158 quo
302 2114 391 2144 non
409 2099 562 2145 dubito
585 2098 692 2160 quid
712 2099 948 2152 existimes,
978 2097 1246 2157 lachrymas,
1270 2095 1317 2157 sq
1343 2102 1373 2157 J,

120 2159 350 2222 Ioremque
374 2162 503 2223 ipfius
527 2167 567 2208 δε
587 2162 663 2222 filij
683 2161 819 2207 vides.
889 2160 1012 2224 Qid
1036 2161 1089 2206 de
1107 2160 1311 2206 fratribus
1333 2162 1368 2224 ’ᾗ

121 2228 249 2269 cam?
284 2225 393 2280 noli,
417 2226 572 2279 Caesar,
599 2238 748 2287 putare
772 2225 825 2270 de
842 2225 968 2270 unius
985 2224 1130 2286 capite
1147 2240 1224 2269 nos
1241 2236 1317 2284 ag
1335 2244 1345 2260 u

125 2291 218 2336 Aut
249 2299 331 2334 tres
376 2289 458 2335 tibi
493 2288 665 2350 Ligarij
709 2289 757 2334 in
796 2288 976 2335 civitate
1020 2285 1233 2334 retinendi
1277 2284 1302 2335 s
1323 2319 1339 2323 „

125 2364 199 2398 aut
237 2365 319 2398 tres
357 2367 414 2397 ex
446 2352 626 2399 civitate
663 2350 1003 2399 exterminandi.
1072 2348 1275 2413 Qodvis
1303 2355 1351 2411 gs

127 2415 270 2463 filium
301 2414 369 2462 his
411 2416 469 2463 est
506 2416 713 2479 optatius,
768 2412 904 2479 quam
942 2413 1099 2477 patria,
1149 2409 1328 2486 ςυᾷῑῐξρζ
