1437 2589
136 126 260 186 192
528 109 1010 172 ORATIO

140 201 215 262 qui
255 201 437 248 Milonis
475 203 647 248 causam
687 220 774 250 non
818 204 1090 268 probarent?
1145 184 1389 265 declarant,

140 264 267 324 hujus
284 265 468 311 ambusti
485 266 677 312 Tribuni
696 268 833 328 plebis
857 269 942 314 illae
956 268 1249 317 intermortuae
1266 267 1366 326 con-
1387 311 1390 314 .

137 327 299 384 ciones,
334 329 489 391 quibus
506 329 701 390 quotidie
722 347 868 378 meam
891 333 1133 393 potentiam
1151 328 1366 380 invidiose

135 392 464 447 criminabatur,
492 394 594 439 cem
614 394 789 450 diceret,
814 397 1020 443 Senatum
1036 413 1124 444 non
1144 397 1261 458 quod
1276 395 1366 442 sen-

137 455 254 511 tiret,
288 455 360 502 sed
373 456 486 517 quod
505 472 590 517 ego
606 458 781 514 vellem,
824 459 1067 506 decernere.
1137 462 1251 525 Qae
1271 460 1364 522 qui-

134 519 238 564 dem
260 519 292 565 fi
308 519 501 581 potentia
521 521 579 565 est
601 522 861 582 appellanda
876 524 1033 584 potius,
1079 520 1212 585 quarn
1234 539 1364 585 prop-

134 593 200 628 ter
228 598 390 645 magna
422 583 468 628 in
491 585 809 644 rempublicam
831 587 1002 641 merita,
1047 586 1278 633 mediocris
1315 588 1366 634 in

137 646 266 692 bonis
289 647 422 692 causis
440 648 683 703 auctoritas,
719 661 791 695 aut
813 662 988 711 propter
1009 651 1220 697 officiosos
1242 650 1360 696 labo-

132 725 198 755 res
229 723 347 756 meos
376 710 584 758 nonnulla
612 711 729 772 apud
761 712 896 758 bonos
912 713 1088 776 gratia;
1124 713 1362 776 appelletur

133 773 198 818 ita
219 770 332 829 sane,
369 774 610 821 dummodo
624 776 676 821 ea
697 791 773 821 nos
791 788 963 822 utamur
978 793 1059 838 pro
1075 776 1205 824 salute
1227 777 1361 824 bono-

131 852 230 883 rum
268 849 418 883 contra
452 839 693 885 amentiam
729 840 1012 901 perditorum.
1092 842 1226 887 Hanc
1258 840 1363 887 verb

130 900 427 962 quaestionem,
471 901 546 947 etfi
567 919 656 948 non
684 903 741 948 est
763 904 929 965 iniqua,
969 920 1191 966 nunquam
1213 918 1360 951 tamen

130 965 311 1010 Senatus
332 965 672 1012 constituendam
694 968 866 1027 putavit
888 984 898 1012 z
933 980 1056 1015 erant
1076 969 1196 1015 enim
1222 969 1357 1029 leges,

130 1040 253 1076 erant
274 1029 538 1090 quaestiones,
573 1030 644 1076 vel
667 1030 718 1076 de
740 1030 872 1085 caede,
898 1032 967 1077 vel
988 1031 1043 1078 de
1065 1032 1108 1077 vi
1129 1049 1139 1077 :
1163 1048 1244 1079 nec
1265 1043 1357 1076 tan-

131 1104 226 1138 tum
263 1108 498 1139 moerorem
519 1109 570 1140 ac
592 1094 754 1139 luctum
782 1095 957 1140 Senatui
992 1111 1109 1140 mors
1132 1096 1180 1141 P.
1210 1094 1356 1159 Clodij

119 1155 350 1212 afferebat,
391 1168 438 1203 ut
474 1173 589 1203 nova
609 1157 783 1219 quaestio
815 1158 1152 1204 constitueretur.
1222 1155 1358 1220 Cujus

129 1219 252 1266 enirn
273 1221 447 1267 Senatui
465 1220 517 1265 de
540 1220 618 1267 illo
634 1221 792 1266 incesto
813 1222 958 1282 stupro
974 1222 1189 1282 judicium
1212 1222 1358 1269 decer·
1396 1235 1399 1238 ’

127 1284 259 1329 nendi
291 1285 472 1345 potestas
504 1285 603 1330 effet
633 1296 780 1346 erepta
797 1303 811 1335 3
849 1285 902 1330 de
925 1285 1013 1346 ejus
1036 1286 1226 1341 interitu,
1261 1285 1357 1347 quis

127 1348 265 1408 potest
275 1347 456 1397 &credere
492 1349 696 1394 Senatum
728 1348 942 1408 judicium
971 1365 1136 1394 novum
1157 1350 1358 1395 constitu-

128 1411 291 1457 endum
325 1412 520 1475 putasse?
560 1413 651 1459 Cur
666 1411 801 1474 igitur
817 1412 1070 1459 incendium
1088 1413 1233 1468 curiae,
1278 1429 1355 1474 op-

128 1475 449 1537 pugnationem
475 1474 640 1521 aedium'
658 1476 728 1521 M.
747 1475 922 1537 Lepidi,
962 1476 1131 1523 caedem
1152 1476 1265 1522 hanc
1288 1477 1356 1537 ip-

127 1539 236 1594 sam,
269 1552 420 1585 contra
454 1539 772 1600 rempublicam
800 1542 978 1585 Senatus
1000 1539 1160 1586 factam
1182 1540 1262 1586 effe
1282 1540 1355 1586 de-

126 1602 266 1649 crevit
288 1607 305 1650 ?
340 1603 441 1664 quia
458 1603 575 1648 nulla
596 1603 660 1648 vis
687 1618 878 1663 unquam
898 1603 955 1648 est
972 1603 1016 1649 in
1037 1603 1175 1649 libera
1202 1603 1354 1650 civita-

129 1678 170 1712 te
208 1664 399 1728 suscepta
435 1667 543 1712 inter
577 1666 692 1712 cives
734 1682 823 1712 non
845 1678 994 1712 contra
1016 1666 1350 1730 rempublicam.

126 1730 237 1777 Non
253 1731 372 1778 enim
388 1731 445 1776 est
466 1730 553 1776 ulla
572 1729 758 1776 defensio
775 1741 924 1776 contra
945 1729 1040 1775 vim
1068 1746 1259 1792 unquam
1276 1746 1353 1792 op-

124 1793 257 1843 tanda
278 1811 292 1845 3
327 1794 397 1839 sed
414 1797 724 1854 nonnul-Quam
741 1794 798 1838 est
819 1793 1059 1838 necessaria.
1129 1793 1230 1840 Nifi
1246 1794 1353 1840 ver&

122 1870 198 1903 aut
219 1857 290 1907 ille
312 1858 415 1911 dies,
450 1858 496 1903 in
526 1873 613 1919 quo
630 1857 737 1903 Tib.
764 1857 994 1902 Gracchus
1011 1857 1068 1902 est
1089 1856 1233 1912 caesus,
1278 1869 1354 1904 aut

121 1921 212 1975 ille,
244 1937 331 1982 quo
371 1921 516 1980 Cajus,
564 1932 636 1966 aut
665 1937 754 1981 quo
769 1936 891 1965 arma
913 1921 1131 1966 Saturnini
1153 1921 1353 1982 oppreffa

122 1983 234 2037 sunt,
257 1982 429 2029 etiamst
447 1982 470 2029 ὲ
488 1984 728 2044 republica,
750 1983 1067 2044 rempublicam
1093 1995 1242 2031 tamen
1263 2000 1353 2030 non

122 2048 412 2103 vulnerarunt.
481 2049 635 2107 Itaque
672 2063 758 2109 ego
795 2047 885 2109 ipse
917 2046 1104 2101 decrevi,
1142 2048 1244 2093 cum
1271 2062 1352 2092 cae-

120 2110 223 2158 dem
239 2111 286 2156 in
307 2110 459 2171 Appia
480 2110 545 2155 fac
568 2127 640 2156 am
656 2110 742 2159 effe
765 2111 986 2166 constaret,
1011 2125 1100 2156 non
1120 2126 1237 2167 eum,
1272 2109 1349 2171 qui

120 2174 162 2219 se
198 2174 461 2227 defendisset,
500 2186 651 2220 contra
683 2172 1211 2234 rempublicamseciffe:
1259 2171 1347 2229 sed,

119 2238 222 2284 cum
245 2237 390 2284 inesset
421 2236 466 2281 in
501 2252 547 2282 re
579 2238 661 2291 vis,
699 2242 739 2282 &
760 2237 940 2291 infidiae,
983 2235 1150 2282 crimen
1177 2235 1348 2296 judicio
1414 2245 1437 2294 23,

118 2300 345 2355 reservavi,
366 2316 458 2346 rem
479 2301 643 2345 notavi.
681 2300 813 2363 de
837 2299 868 2344 si
891 2315 968 2359 per
990 2298 1209 2345 furiosum·
1221 2299 1349 2345 illum
1417 2295 1437 2348 {3

119 2364 340 2409 tribunum
373 2363 565 2417 Senatui,
617 2363 734 2424 quod
760 2361 980 2416 sentiebat,
1021 2362 1223 2423 perficere
1243 2361 1347 2407 licu-

99 2427 224 2482 juset,
264 2441 425 2474 novam
439 2425 717 2488 quaestionem
753 2441 868 2474 nunc
886 2424 1048 2473 nullam
1070 2425 1344 2474 haberemus.

1421 2442 1437 2471 sl

1419 2474 1437 2500 il

1182 2488 1346 2535 Decer-
