1437 2589
91 103 215 160 224
494 85 984 149 ORATIO

86 178 208 225 cives
230 178 319 226 mei
339 179 564 240 (quoniam
605 181 718 226 mihi
756 182 968 228 cumillis
990 181 1208 244 nonlicet)
1246 182 1339 231 fine

90 257 166 288 me
182 241 280 302 ipfi,
318 242 390 287 sed
412 257 489 303 per
513 259 587 288 me
629 256 794 298 tamen,
836 245 1129 305 perfruantur.
1166 261 1252 308 ego
1268 261 1353 293 ce·-

91 304 213 359 dam,
264 317 393 366 atque
430 305 578 351 abibo.
614 305 646 350 fi
682 307 794 351 mihi
832 307 1060 366 republica
1098 308 1215 353 bona
1247 310 1332 354 frui

94 383 187 412 non
221 367 409 420 licuerit,
446 379 493 412 at
521 367 679 413 carebo
704 368 821 413 mala
847 387 857 414 :
894 375 950 424 δε,
987 385 1121 431 quam
1146 372 1341 431 primum

102 429 292 490 tetigero
315 430 425 474 bene
442 442 659 475 moratam
678 435 718 476 &
743 431 929 477 liberam
951 432 1198 487 civitatem,
1223 433 1268 478 in
1289 450 1342 479 ea

98 491 421 552 conquiescam.
491 493 535 537 O
563 492 728 546 frustra,
764 494 922 554 inquit,
964 494 1142 555 suscepti
1167 496 1254 540 mei
1279 497 1340 541 la-

98 554 226 600 bores
247 556 256 600 !
304 553 473 614 O*spes
512 554 713 600 fallaces!
770 557 815 600 O
858 556 1145 617 cogitationes
1190 558 1339 603 inanes

94 632 211 663 meae
235 617 245 662 !
260 632 361 678 ego,
381 617 483 661 cum
500 617 695 662 tribunus
711 618 1103 678 plebis,republica
1116 619 1337 680 oppressa,

100 695 176 725 me
192 679 371 726 Senatui
393 679 613 734 dediffem,
639 695 769 740 quem
783 681 1039 727 exstinefflm
1057 697 1339 742 acceperam;

101 741 320 803 equitibus
345 741 575 796 Romanis,
622 758 809 802 quorum
846 744 959 789 vires
986 756 1108 789 erant
1137 745 1297 790 debiles
1322 762 1338 796 ;

104 804 234 851 bonis
266 803 390 859 viris,
437 804 512 865 qui
551 819 730 850 omnem
764 807 1067 851 auetoritatem
1112 807 1340 852 Clodianis

100 868 238 913 armis
262 867 544 926 abjecerant3
584 866 696 912 mihi
739 884 931 928 unquam
954 869 1170 915 bonorum
1201 870 1342 930 praefi-

103 930 230 976 dium
251 930 500 975 defuturum
543 940 742 991 putarem
766 934 781 977 ?
817 932 933 992 Ego,
966 932 1069 977 cum
1085 943 1126 977 te
1151 935 1340 991 (mecum

104 992 227 1039 enim
256 989 476 1054 saepiffime
498 992 701 1053 loquitur)
721 994 875 1052 patriae
897 993 1186 1048 reddidissem,
1223 995 1338 1042 mihi

104 1071 197 1101 non
222 1055 413 1101 futurum
436 1054 484 1099 in
502 1053 644 1116 patria
662 1069 859 1114 putarem
881 1055 1031 1105 locum
1052 1060 1068 1102 ?
1106 1056 1203 1102 Ubi
1225 1073 1341 1103 nunc

107 1120 289 1164 Senatus
325 1118 400 1172 est,
435 1133 567 1178 quem
595 1116 726 1162 secuti
748 1118 919 1164 sumus?
953 1118 1028 1163 ubi
1050 1118 1216 1179 equites
1251 1121 1342 1166 Ro-

108 1181 232 1227 mani
255 1179 337 1235 illi,
377 1179 458 1234 illi,
491 1180 570 1234 illi,
616 1180 773 1239 inquit,
814 1181 911 1227 tui?
946 1180 1021 1226 ubi
1041 1180 1178 1226 studia
1197 1182 1340 1228 muni-

108 1244 331 1305 cipiorum
350 1246 366 1289 ?
400 1242 476 1288 ubi
501 1241 642 1288 Italiae
657 1247 814 1289 voces?
847 1243 923 1288 ubi
946 1244 1137 1303 denique
1155 1255 1242 1299 tua,
1267 1247 1336 1292 M.

108 1307 255 1361 Tulli,
280 1321 377 1367 quae
395 1305 593 1365 plurimis
611 1304 696 1350 fuit
716 1305 899 1359 auxilio,
937 1321 1025 1351 vox
1050 1311 1090 1351 δε
1109 1305 1296 1352 defensio
1321 1310 1340 1354 ἓ

110 1369 303 1415 mihi-ne
326 1384 380 1414 ea
399 1368 495 1423 soli,
531 1367 607 1428 qui
633 1383 713 1427 pro
734 1380 775 1414 te
796 1368 920 1414 toties
939 1368 1073 1414 morti
1090 1384 1161 1413 me
1183 1369 1340 1425 obtuli,

110 1432 223 1477 nihil
258 1431 393 1493 potest
436 1430 676 1490 opitulari?
727 1431 827 1476 Nec
864 1431 967 1477 vero
1001 1432 1110 1485 haec,
1154 1430 1339 1490 judices,

110 1507 160 1541 ut
180 1509 266 1556 ego
288 1509 418 1549 nunc,
454 1493 577 1549 Hem,
614 1491 686 1538 sed
707 1492 792 1538 hoc
814 1493 969 1539 eodem
989 1492 1182 1554 loquitur
1202 1494 1341 1549 vultu,

108 1573 203 1619 quo
223 1556 395 1602 videtis.
419 1567 554 1617 negat
574 1555 695 1602 enim
715 1554 771 1610 se,
809 1568 942 1617 negat
969 1556 1154 1616 ingratis
1170 1556 1344 1602 civibus

110 1621 268 1674 feciffe,
303 1635 398 1680 quae
418 1619 595 1670 fecerit;
631 1618 816 1674 timidis,
853 1623 894 1665 δε
919 1619 1070 1665 omnia
1090 1618 1342 1680 circumspi-

112 1682 324 1730 cientibus
368 1681 574 1744 perieula,
613 1699 701 1728 non
742 1692 887 1744 negat.
954 1681 1149 1736 Plebem,
1184 1684 1225 1726 &
1248 1681 1343 1727 infi-

111 1763 236 1793 mam
259 1744 597 1801 multitudinem,
620 1761 733 1806 quae,
760 1745 807 1789 P.
826 1743 986 1789 Clodio
1007 1744 1129 1798 duce,
1157 1743 1340 1789 fortunis

113 1809 260 1856 vestris
296 1808 573 1862 imminebat,
607 1824 723 1863 eam,
763 1806 851 1868 qud
885 1806 1016 1852 tutior
1036 1807 1135 1852 effet
1156 1805 1249 1852 vita
1269 1822 1343 1852 ve-

108 1874 212 1927 stra,
251 1870 372 1916 suam
409 1871 450 1915 se
483 1870 625 1916 feciffe
658 1881 1009 1920 commemorat;
1043 1881 1190 1914 utnon
1208 1870 1346 1915 modo

116 1933 502 1988 virtute-stem,
537 1932 613 1978 sed
631 1933 767 1979 etiam
796 1931 933 1977 tribus
960 1930 1043 1977 suis
1065 1931 1342 1992 patrimoniis

49 2015 51 2017 ·
114 1997 345 2043 deliniret:
376 2010 457 2041 nec
489 1994 629 2049 timet,
661 2011 730 2049 ne,
767 2009 869 2039 cum
889 1993 1062 2054 plebem
1091 1994 1342 2040 muneribus
1418 2022 1423 2028 ·

113 2058 393 2124 placarit,vos
408 2072 498 2104 non
518 2057 766 2106 conciliarit
780 2056 945 2103 meritis
959 2056 1007 2102 in
1025 2056 1346 2117 rempublicam
1418 2068 1419 2076 ¹

112 2120 416 2184 singularibus.
480 2121 660 2167 Senatus
681 2134 789 2180 erga
803 2119 844 2164 se
859 2119 1213 2165 benevolentiam
1231 2129 1344 2166 tem-

115 2185 294 2248 poribus
316 2183 385 2229 his
406 2181 506 2244 ipsis
526 2184 636 2244 saepe
657 2183 737 2229 effe
758 2181 1049 2243 perspeth
1084 2182 1238 2227 vestras
1267 2197 1342 2227 ve·
1379 2199 1385 2205 ·
1426 2226 1430 2237 ⁴

114 2247 184 2316 36,
230 2251 272 2294 δε
312 2246 549 2293 vestrorum
587 2245 790 2295 ordinum
833 2243 1160 2299 occursationeS,
1188 2243 1341 2300 studia,
1412 2264 1430 2283 a

116 2311 351 2367 sermones,
395 2323 696 2374 quemcunque
740 2306 912 2360 cursum
948 2306 1121 2358 fortuna
1151 2305 1340 2417 d}derit‚
1423 2287 1437 2314 ⁵

1203 2383 1332 2420 ecum
