1437 2589
124 71 223 129 302
463 54 524 112 O
558 56 614 112 R
660 55 720 112 A
765 54 826 114 T
874 56 918 114 1⁵
949 54 1017 113 Θ

119 146 231 207 derij
270 161 322 194 ac
359 145 642 196 solicitudinis
680 148 834 205 fuisset,
869 160 1048 212 propter
1071 150 1377 201 incredibilem

118 211 339 272 quendam
360 212 543 258 fratrum
579 228 794 269 amorem,
829 213 906 260 hic
941 231 1068 277 aequo
1109 216 1261 264 animo
1296 219 1380 265 effe

119 275 279 346 potuit,
315 276 420 322 belli
439 276 607 323 diffidio
637 277 856 324 distraetus
882 274 908 322 a
928 277 1158 327 fratribus?
1186 281 1378 328 Nullum

118 350 258 399 igitur
279 340 430 396 habes,
469 341 625 397 Caesar,
661 341 805 387 adhuc
829 341 876 388 in
897 341 969 408 Q
995 342 1182 404 Ligario
1203 344 1378 408 signum

115 402 271 448 alienae
292 401 318 448 a
351 415 393 450 te
414 404 646 451 voluntatis
671 423 680 451 :
717 405 835 465 cujus
855 420 944 467 ego
964 408 1154 464 causam,
1179 408 1387 454 animad-·

115 478 251 522 verte,
273 469 430 528 quaeso,
453 467 540 530 qua
560 469 642 514 fide
658 467 904 525 defendam,
929 468 1032 515 cum
1050 471 1189 532 prodo
1209 487 1371 518 meam.

117 532 454 578 Oclementiam
470 532 930 595 admirabilem,atque
945 534 1067 580 omni
1077 535 1381 598 1aude,praedi-

115 596 305 652 catione,
348 596 484 643 literis
522 597 899 658 monumentisque
941 597 1265 645 decorandam!
1300 599 1371 645 M.

116 661 278 707 Cicero
301 662 417 722 apud
433 672 474 706 te
495 659 705 716 defendit,
741 660 880 706 alium
902 661 948 708 in
969 678 1022 707 ea
1043 662 1264 710 voluntate
1286 679 1376 711 non

113 723 253 780 fuifl'e,
291 725 336 770 in
354 741 440 786 qua
457 723 640 786 seipsum
662 725 886 770 confitetur
903 724 1023 770 fuiffe
1047 744 1060 777 ;
1095 742 1175 773 nec
1197 739 1289 773 tuas
1312 738 1374 773 ta-

114 788 222 834 citas
255 788 543 850 cogitationes
597 788 881 839 extimescit3
923 805 1019 844 nec,
1055 790 1161 850 quid
1199 790 1280 837 tibi
1321 791 1375 837 de

114 853 205 898 alio
229 852 421 898 audienti
441 853 495 898 de
518 851 653 914 seipso
663 864 876 902 occurrat,
895 853 1164 899 reformidat.
1235 853 1371 910 Vide,

115 915 251 978 quam
273 933 361 962 non
398 915 681 963 reformidem
695 914 717 961 ἐ·
746 915 846 961 vide
868 929 1031 978 quanta
1066 917 1151 964 lux.
1181 916 1375 964 liberali-

113 981 214 1027 tatis
252 985 293 1026 δε
331 978 551 1041 sapientiae
567 992 649 1026 tuae
671 979 785 1024 mihi
809 979 925 1041 apud
942 993 983 1026 te
1005 980 1166 1026 dicenti
1202 981 1374 1027 oboria-

114 1058 195 1090 tur.
233 1056 444 1106 quantum
461 1055 612 1105 potero
630 1059 739 1089 voce
757 1044 1036 1099 contendam,
1071 1056 1118 1090 ut
1134 1044 1219 1090 hoc
1236 1061 1373 1106 popu-

114 1109 177 1154 lus
203 1110 336 1155 Rom.
373 1108 593 1154 exaudiat.
661 1107 867 1168 Suscepto
885 1107 1019 1162 bello,
1059 1107 1215 1163 Caesar,
1253 1109 1373 1170 gesto

114 1172 250 1218 etiam
272 1189 327 1217 ex
363 1187 530 1233 magna
562 1183 700 1233 parte,
738 1170 857 1217 nulla
895 1172 939 1216 vi
977 1173 1164 1226 coa&u8‚
1201 1171 1372 1231 iudicio

112 1253 215 1282 meo
238 1253 289 1282 ac
311 1236 535 1282 voluntate
558 1235 613 1281 ad
633 1251 686 1281 ea
720 1251 844 1280 arma
872 1234 1086 1296 profeEtus
1130 1232 1239 1291 sum,
1277 1252 1375 1297 quae

110 1312 233 1346 erant
266 1299 436 1361 sumpta
474 1312 624 1346 contra
652 1312 707 1344 te.
777 1298 913 1360 Apud
954 1315 1087 1361 quem
1125 1298 1263 1360 igitur
1285 1301 1373 1344 hoc

110 1364 247 1411 dieo?
293 1380 454 1425 nempe
476 1364 592 1426 apud
615 1379 733 1418 eum,
770 1363 863 1424 qui,
898 1362 1001 1408 cum
1035 1362 1121 1407 hoc
1145 1362 1284 1418 sciret,
1309 1375 1372 1408 ta·

115 1444 216 1474 men
239 1444 326 1483 me,
352 1439 585 1489 antequam
621 1426 748 1482 vidit,
773 1426 1024 1487 reipublicae
1044 1425 1259 1471 reddidit:
1294 1425 1387 1488 qui.

117 1492 261 1538 adme
278 1509 334 1538 ex
357 1492 561 1552 AEgypto
578 1491 721 1537 literas
746 1490 876 1544 misit,
901 1501 958 1535 ut*
974 1491 1104 1535 effem
1126 1490 1260 1543 idem,
1297 1489 1373 1551 qui

115 1556 280 1602 suiffem
306 1573 315 1600 :
352 1556 446 1617 qui,
481 1556 582 1601 ciam
605 1553 695 1616 ipse
718 1555 964 1614 Imperator
986 1554 1033 1598 in
1057 1564 1148 1599 toto
1180 1553 1371 1613 imperio

110 1620 264 1681 ‘popuii
289 1619 483 1664 Romani
507 1635 611 1664 unus
636 1619 750 1672 effer,
783 1617 868 1662 effe
897 1633 970 1662 me
1009 1618 1195 1662 alterum
1234 1617 1369 1677 passus

111 1684 196 1734 est:
232 1681 258 1729 a
281 1699 383 1745 quo,
420 1684 505 1728 hoc
529 1682 622 1745 ipso
666 1682 718 1727 C.
742 1680 1009 1726 Panssavmiixi
1045 1680 1255 1725 nuncium
1275 1696 1369 1740 per-

112 1747 290 1802 ferente,
327 1747 541 1792 concest'os
568 1745 697 1791 fitsces
720 1745 931 1790 laureatos
965 1744 1098 1798 tenui,
1136 1744 1279 1804 quoad
1310 1754 1370 1789 te-

111 1811 273 1857 nendos
307 1808 457 1872 putavi
484 1828 492 1855 :
530 1811 603 1870 qui
633 1809 747 1855 mihi
786 1822 881 1853 tum
902 1808 1088 1869 denique
1120 1806 1161 1851 se
1191 1807 1369 1852 salutem

114 1874 284 1935 putavit
308 1874 499 1929 reddere,
538 1874 568 1919 si
592 1890 691 1919 eam
713 1871 842 1917 nullis
858 1872 1086 1933 spoliatam
1103 1870 1367 1917 ornamentis

110 1938 318 1984 tedderet.

175 2001 297 2048 Vide
319 2001 477 2062 quaeso,
513 2000 711 2054 Tubero,
748 2010 810 2054 ut,
845 1998 919 2060 qui
944 1997 998 2043 de
1020 1997 1121 2043 meo
1144 1996 1259 2043 fafto
1279 2011 1377 2043 non·

110 2061 308 2118 dubitem
339 2065 499 2118 dicere,
535 2064 588 2110 de
626 2063 798 2125 Ligarij
823 2078 912 2107 non
949 2061 1132 2107 audeam
1157 2060 1369 2106 confiteri.

112 2131 259 2191 Atque
282 2131 375 2174 haec
409 2141 636 2190 propterea
657 2127 710 2177 de
733 2142 804 2172 me
821 2125 934 2180 dixi,
970 2137 1016 2171 ut
1032 2124 1150 2171 mihi
1166 2124 1366 2178 Tubero,

108 2192 285 2243 eumde
308 2192 348 2238 se
386 2191 543 2238 eadem
564 2191 771 2245 dicerem,
807 2187 1052 2251 ignosceret
1075 2206 1103 2234 ε·
1121 2187 1240 2248 cujus
1273 2202 1379 2248 ego.

105 2257 324 2302 industriae
342 2256 580 2317 gloriaeque
602 2255 745 2309 faveo,
781 2255 852 2298 vel
875 2266 1054 2314 propter
1069 2251 1365 2313 propinquam
1384 2280 1386 2283 -

107 2321 433 2381 cognationem,
468 2319 539 2365 vel
576 2317 694 2380 quod
715 2317 805 2377 ejus
828 2317 1009 2378 ingenio
1041 2314 1269 2376 studiisque
1290 2314 1365 2360 de-
1391 2359 1409 2376 <.

104 2384 265 2441 incitor,
289 2383 358 2433 vel
376 2382 493 2446 quod
515 2382 688 2434 laudem
711 2379 988 2433 adolescentis
1009 2377 1264 2495 propinquist
1266 2376 1383 2488 {211³}
1401 2397 1414 2450 ς

1387 2532 1409 2589 ἐξ
