1437 2589
317 33 434 91 Pro
479 31 1021 113 QL1GAR1-o‚
1218 58 1316 115 35:

48 142 120 177 nes
142 126 478 183 neceffitudineS,
514 142 612 190 quae
646 126 763 173 mihi
785 127 879 175 sunt
900 144 1002 176 cum
1023 129 1078 180 L.
1094 131 1298 182 Tubero-

35 207 128 240 me:
163 190 284 238 domi
307 188 588 246 una-eruditi,
632 190 805 238 militiae
829 193 1173 252 contubernales,
1209 200 1315 259 post,

45 255 209 311 affines,
245 255 292 300 in
312 253 436 300 omni
457 253 644 317 denique
665 255 759 301 vita
784 255 1020 304 familiares
1040 244 1088 304 ε’*
1084 275 1301 322 magnum

43 319 179 366 etiam
192 318 436 373 vinculum,
471 317 588 380 quod
614 317 770 364 iisdem
791 319 960 381 semper
981 321 1126 368 studiis
1149 324 1208 369 ufi
1237 326 1300 371 su-

43 399 154 429 muS.
222 382 324 428 Scio
342 381 480 443 igitur
487 381 772 429 Tuberonem
781 383 902 432 domi
914 401 1089 431 manere
1102 387 1297 436 voluiffe.

42 445 124 494 Sed
147 441 210 492 ita
222 445 404 507 quidam
419 445 626 507 agebant,
662 446 725 491 ita
747 446 856 508 reip.
883 448 1189 496 sanctiffimum
1225 467 1300 498 no-

41 508 458 570 menopponebant,
493 521 555 564 ut,
590 509 759 556 etiamfi
782 511 908 556 aliter
930 510 1120 569 sentiret,
1145 515 1300 562 verbo-

41 589 140 620 rum
163 584 312 620 tamen
345 572 539 634 ipsorum
576 573 743 633 pondus
784 573 982 621 sustinere
1020 593 1110 622 non
1148 580 1296 639 poss'et.

44 635 171 683 Ceffit
194 636 439 682 auctoritati
456 636 705 699 amplissimi
728 637 832 692 viri,
857 638 926 684 vel
960 640 1103 700 potius
1121 644 1268 702 paruit
1287 663 1297 690 z

43 697 129 745 una
145 700 202 745 est
224 700 438 761 profectus
455 716 559 746 cum
595 700 667 756 iis,
703 717 890 762 quorum
919 714 1012 748 erat
1034 720 1120 749 una
1142 705 1268 752 causa
1288 725 1298 752 :

40 763 205 808 tardius
229 764 310 809 iter
326 763 454 809 fecit:
490 764 645 824 Itaque
683 764 730 810 in
750 765 955 810 Africam
977 767 1097 812 venit
1113 767 1210 827 jam
1228 786 1299 816 oc-

42 838 261 888 cupatam.
329 827 455 872 Hinc
493 827 541 872 in
563 827 798 888 Ligarium
833 829 1002 874 crimen
1040 831 1192 886 oritur,
1228 833 1301 880 vel

42 888 115 934 ira.
129 891 286 950 potius.
325 906 444 945 nam,
481 889 514 935 fi
537 890 704 937 crimen
727 891 784 936 est
805 892 1040 952 prohibere
1075 894 1201 940 illum
1223 913 1300 942 vo-

40 952 158 998 luiffe
183 971 195 1004 ;
235 970 324 998 non
345 952 489 998 mir-xus
518 969 733 1017 magnum
755 955 828 1009 est,
865 970 941 1001 vos
960 956 1180 1012 Africam,
1205 976 1300 1006 om-

41 1015 165 1062 nium
181 1017 510 1078 provinciarum
528 1033 690 1073 arcem,
726 1030 876 1063 natam
893 1019 949 1064 ad
964 1019 1128 1066 bellum
1149 1034 1300 1070 contra

39 1078 155 1127 hanc
198 1080 354 1126 urbem
392 1080 647 1141 gerendum,
705 1081 902 1128 obtinere
932 1083 1126 1138 voluisse,
1164 1084 1297 1147 quam

40 1142 233 1204 aliquem
254 1144 295 1190 se
311 1144 622 1206 imperatorem
635 1144 716 1190 effe
734 1145 941 1191 maluisse.
980 1192 983 1195 ,
1011 1147 1160 1209 Atque
1177 1150 1213 1194 is
1237 1161 1298 1196 ta·

41 1222 144 1263 men
164 1207 337 1269 aliquis,
374 1208 578 1270 Ligarius
615 1224 703 1254 non
725 1208 821 1254 fuit.
891 1209 1034 1256 Varus
1058 1211 1298 1272 imperium

40 1269 80 1316 se
94 1270 255 1317 habere
270 1270 444 1317 dicebat
467 1291 476 1317 :
513 1270 645 1317 fasces
667 1269 782 1318 certe
805 1272 1012 1320 habebat.
1080 1275 1165 1321 Sed
1191 1293 1299 1339 quo-

40 1349 127 1396 quo
145 1334 277 1380 modo
300 1334 339 1380 se
356 1335 463 1381 illud
485 1334 660 1391 habeat,
697 1335 790 1381 haec
821 1337 996 1397 querela
1017 1339 1167 1394 vestra,
1203 1342 1321 1387 Tu--

42 1397 162 1452 bero,
179 1398 285 1459 quid
306 1399 420 1444 vaiet
436 1402 465 1445 ,θ’
486 1400 647 1460 recepti
667 1399 713 1444 in
728 1400 1005 1460 provinciam
1027 1418 1115 1448 non
1137 1403 1294 1450 sumus.

42 1461 163 1523 Qid
190 1461 221 1507 fi
243 1462 408 1508 essetis?
446 1462 662 1508 Caesarine
679 1477 779 1508 eam
797 1463 994 1511 tradituri
1023 1464 1215 1521 fuissetis,
1239 1484 1296 1513 an

40 1537 190 1570 contra
208 1525 421 1571 Caesarem
436 1526 638 1571 retenturi
659 1531 675 1572 ?
712 1526 831 1572 Vide
854 1527 959 1589 quid
974 1527 1175 1584 licentiae,
1203 1532 1313 1576 Cae--

41 1587 121 1643 sar,
145 1588 270 1633 nobis
307 1601 380 1634 tua
417 1589 651 1635 liberalitas
690 1590 777 1644 det,
826 1591 895 1636 vel
920 1592 1062 1652 potius
1086 1594 1293 1640 audaciae.

41 1651 90 1698 Si*
109 1651 375 1713 responderit
391 1653 590 1707 Tubero,
627 1653 847 1708 Africam,
864 1665 868 1667 ·
885 1654 971 1716 quo
993 1657 1170 1701 Senatus
1193 1673 1296 1703 eum

41 1712 210 1776 sorsque
225 1716 415 1771 miserat,
440 1716 521 1762 tibi
540 1727 710 1777 patrem
733 1716 854 1762 suum
871 1718 1128 1764 traditurum
1144 1720 1263 1766 fuiffe
1279 1738 1314 1772 3-

42 1779 131 1824 non
148 1778 360 1825 dubitabo
382 1780 497 1840 apud
532 1780 673 1840 ipsum
695 1793 752 1835 te,
789 1780 907 1840 cujus
942 1782 989 1827 id
1018 1799 1120 1829 eum
1153 1783 1295 1832 facere

40 1841 250 1898 interfuit,
277 1842 543 1904 'graviffimis
559 1843 702 1889 verbis
716 1844 806 1903 ejus
823 1845 1051 1890 confilium
1066 1847 1294 1907 reprehen-

40 1904 154 1951 dere.
223 1906 332 1951 Non
349 1906 484 1961 enim,
509 1907 541 1952 fi
578 1906 660 1952 tibi
695 1923 748 1952 ea
770 1924 834 1953 res
858 1920 983 1969 grata
999 1909 1153 1966 fuisset,
1196 1911 1298 1957 effer

38 1968 174 2024 etiam
207 1969 406 2031 probata.
473 1970 557 2016 Sed
571 1970 669 2031 jam
699 1971 785 2017 hoc
819 1983 961 2018 totum
998 1973 1172 2028 omitto,
1209 1990 1297 2020 non

40 2042 132 2078 tam
145 2043 191 2078 ut
213 2048 265 2079 ne
287 2033 508 2080 offendam
526 2046 616 2080 tuas
641 2035 963 2096 patientiflimas
986 2053 1123 2091 aures,
1160 2035 1295 2098 quam

40 2092 97 2145 ne
111 2096 308 2153 Tubero,
344 2097 461 2160 quod
498 2114 721 2160 nunquam
758 2099 988 2161 cogitavit,
1025 2100 1208 2146 fauurus
1233 2101 1297 2146 fu-

43 2157 114 2206 iffe
129 2158 340 2206 videatur.
409 2161 667 2208 Veniebatis
691 2162 828 2225 igitur
863 2163 910 2209 in
954 2163 1157 2210 Africam
1197 2180 1296 2228 pro-

42 2222 254 2278 vinciam,
301 2239 433 2270 unam
471 2241 527 2271 ex
562 2227 766 2272 omnibus
797 2227 901 2273 huic
922 2227 1118 2273 victoriae
1153 2228 1296 2272 maxi„

42 2281 114 2331 me
129 2286 326 2334 infestam
344 2305 358 2338 3
393 2289 439 2334 in
465 2305 552 2350 qua
567 2302 659 2337 erat
680 2305 757 2337 rex
780 2291 1108 2351 potentissimus,
1145 2290 1294 2336 inimi-

41 2361 115 2418 9118
147 2349 252 2402 huic
283 2352 433 2413 causae,
468 2352 611 2403 aliena
654 2354 879 2413 voluntas2-
899 2364 1135 2408 conventus
1177 2352 1292 2398 firmi

660 2423 665 2426 “
1163 2428 1292 2479 atque
