2912 4368
10 1327 68 1338 ·····

10 1630 76 1642 .....

0 2725 63 2741 ,κα-ΤΤ

352 1089 942 1148 InCATiLINAM
1002 1089 1111 1149 m.
1289 1112 1363 1171 93

193 1200 213 1227 »ι
234 1180 634 1243 pertimescendam.
693 1179 785 1227 ‘Ille
809 1195 901 1229 erat
935 1200 1035 1229 unus
1057 1182 1273 1229 timendus
1312 1201 1370 1232 ex

213 1246 432 1300 omnibus,
469 1245 539 1291 sed
561 1245 726 1291 tamdiu
750 1246 854 1291 dum
890 1247 1106 1292 moenibus
1129 1247 1245 1293 urbis
1267 1264 1372 1295 con—

193 1309 356 1354 ebatur.
425 1308 592 1354 Omnia
608 1310 733 1355 norat
751 1327 760 1354 :
785 1310 981 1355 omnium
1003 1310 1142 1355 aditus
1164 1312 1338 1358 tenebat
1356 1331 1370 1359 z

194 1372 358 1426 2ellare,
420 1383 599 1426 tentare,
657 1372 870 1417 solicitare
912 1385 1095 1434 poterat,
1147 1375 1332 1421 audebat
1355 1393 1369 1423 2

194 1428 214 1481 ⁴t
230 1435 271 1481 ei
290 1435 518 1481 confilium
534 1436 590 1480 ad
611 1434 776 1480 facinus
792 1448 943 1496 aptum
967 1454 980 1487 3
1015 1436 1195 1482 consilio
1222 1451 1371 1485 autem

194 1513 261 1559 lue
284 1500 439 1560 lingua
461 1515 600 1560 neque
624 1515 775 1544 manus
799 1500 958 1544 deerat.
1027 1501 1128 1560 Jam
1158 1501 1214 1546 ad
1245 1514 1371 1548 caete-

212 1577 278 1607 res
309 1562 599 1609 'conficiendas
621 1574 757 1608 certos
780 1562 981 1608 homines
1016 1564 1202 1609 deleCms
1224 1581 1275 1610 ac
1297 1566 1370 1611 de-

194 1625 300 1686 {ptos
335 1625 525 1671 habebat
546 1642 555 1671 :
590 1641 729 1686 neque
745 1625 849 1672 vero
868 1627 971 1672 cum
1005 1626 1172 1688 aliquid
1189 1629 1369 1676 manda-

199 1699 257 1744 at,
301 1688 547 1734 confeftum
585 1689 799 1749 putabat:
834 1689 948 1734 nihil
980 1702 1086 1745 erat,
1138 1692 1255 1752 quod
1277 1709 1368 1740 non

194 1767 209 1796 3
232 1750 388 1806 obiret,
417 1763 673 1806 occurreret,
691 1752 911 1813 vigilaret,
945 1753 1187 1799 laboraret:
1208 1755 1367 1817 frigus,

194 1830 250 1869 m,
291 1815 458 1861 famem
488 1814 597 1859 ferre
620 1826 801 1875 poterat.
870 1817 1005 1863 Hunc
1027 1831 1112 1877 ego
1135 1817 1369 1866 hominem

194 1894 209 1922 1
232 1893 392 1933 acrem,
427 1890 519 1923 tam
543 1891 760 1938 paratum,
796 1890 888 1924 tam
906 1881 1131 1935 audacem,
1170 1892 1261 1927 tam
1278 1884 1366 1928 cal-

194 1957 272 1996 im,
299 1952 390 1986 tarn
428 1940 474 1985 in
497 1940 649 1987 scelere
673 1942 949 2002 vigilantem,
986 1956 1078 1989 tam
1116 1943 1164 1989 in
1186 1946 1366 2006 perditis

197 2020 241 2048 us
260 2005 538 2066 diligentem,
571 2004 655 2049 nifi
678 2020 732 2049 ex
771 2005 1014 2052 domesticis
1040 2007 1205 2054 insidiis
1230 2009 1274 2054 in
1291 2025 1366 2055 ca·

196 2066 266 2113 nse
308 2067 588 2113 latrocinium
619 2068 920 2129 compulissem
972 2070 1132 2130 (dicam
1166 2071 1212 2118 id
1247 2073 1365 2135 quod

192 2130 269 2191 tio,
308 2130 516 2193 Qiritee)
557 2146 643 2176 non
674 2131 802 2178 facile
842 2133 958 2178 hanc
995 2145 1161 2180 tantam
1195 2137 1363 2184 molem

192 2193 222 2237 li
254 2192 281 2239 ὲ
302 2193 544 2239 cervicibus
560 2195 706 2240 vestris
725 2195 990 2257 depulissem.
1060 2197 1170 2244 Non
1193 2199 1267 2245 ille
1287 2216 1363 2246 vo-

196 2258 442 2303 Saturnalia
458 2257 747 2314 constituisset,
762 2275 897 2319 neque
914 2272 1035 2306 tanto
1058 2273 1156 2307 ante
1173 2263 1364 2310 exitium

189 2319 264 2365 fati
287 2321 405 2366 diem
423 2320 609 2381 reipubl.
636 2321 926 2369 denuneififfet
944 2341 972 2374 3.
998 2340 1136 2387 neque
1177 2328 1363 2373 commi·

146 2386 151 2388 ’
188 2395 238 2436 et,
284 2396 330 2429 ut
373 2384 560 2445 signum,
606 2397 653 2430 ut
690 2386 824 2431 literae
867 2388 964 2442 suae,
1011 2389 1128 2433 testes
1173 2389 1362 2452 denique

190 2446 327 2491 nifesti
370 2448 536 2494 sceleris
579 2448 1011 2509 deprehenderentur.
1081 2451 1191 2514 Qae
1228 2469 1360 2510 nunc,

187 2509 402 2566 ·absente,
439 2510 496 2556 fic
533 2512 652 2572 gesta
694 2512 802 2568 sunt,
848 2525 894 2560 ut
916 2515 1082 2560 nullum
1106 2517 1153 2561 in
1185 2517 1361 2577 privata

149 2584 153 2587 ⁴
187 2589 248 2617 no
279 2573 440 2619 furtum
480 2591 673 2635 unquam
711 2575 761 2622 fit
806 2590 896 2623 tam
928 2576 1076 2638 palum
1113 2580 1359 2636 inventum,

187 2638 247 2680 im
270 2636 362 2681 haec
384 2650 503 2682 tanta
520 2639 566 2682 in
588 2638 754 2699 republ.
780 2641 1022 2701 conjuratio
1047 2643 1270 2690 manifesto
1292 2645 1357 2690 in-

186 2709 242 2743 ita
275 2710 405 2761 atque
441 2701 704 2761 deprehensa
738 2704 809 2748 est.
879 2704 1010 2766 Qod
1032 2704 1063 2749 fi
1099 2707 1293 2752 Catilina
1310 2708 1358 2754 in

185 2777 216 2806 ·e
235 2763 286 2807 ad
306 2763 418 2809 hanc
441 2765 560 2810 diem
583 2767 870 2817 remanfiffet;
907 2784 1171 2830 quanquam,
1212 2772 1358 2832 quoad

186 2842 209 2879 :‚
245 2827 447 2872 omni-,us
471 2828 559 2887 ejus
597 2829 783 2875 consiliis
823 2833 1006 2886 occurri,
1034 2846 1161 2895 atque
1179 2834 1320 2880 obstiti
1342 2854 1357 2886 ;

189 2904 275 2943 ien,
318 2902 363 2934 ut
380 2888 585 2936 leviffime
602 2892 763 2948 dicam,
789 2895 1089 2941 dimicandum
1108 2898 1234 2943 nobis
1256 2914 1361 2945 cum

185 2951 376 3004 ·fuiffet;
421 2971 560 3014 neque
595 2971 671 3000 nos
704 2972 912 3017 unquam,
947 2959 1140 3015 dumille
1164 2961 1209 3006 in
1252 2962 1360 3008 urbe

185 3014 241 3059 {is
264 3016 416 3070 fuisset,
452 3018 579 3062 tamin
618 3019 819 3078 periculis
857 3022 1070 3082 rempubl.
1095 3025 1214 3070 tant&
1230 3039 1354 3086 pace,

187 3089 230 3123 to
253 3079 359 3134 otio,
379 3092 498 3125 tanto
515 3079 697 3135 filenti0‚
717 3082 1032 3130 liberiiss'emusj
1090 3087 1357 3159 Qanquam

184 3156 205 3186 c
242 3143 407 3198 omnia,
494 3144 654 3200 airites,
691 3145 752 3190 ita
788 3146 881 3192 sunt
902 3145 927 3192 ὲ
949 3164 1021 3193 me
1043 3150 1358 3208 administrata,

192 3205 372 3250 deorum
395 3206 711 3253 immortalium
734 3222 836 3255 nutu
861 3222 987 3272 atque
1004 3214 1181 3260 consilio
1216 3219 1256 3260 Sc
1280 3230 1356 3276 ge-

191 3271 230 3312 &
247 3269 418 3327 provisa
437 3270 516 3316 effe
536 3271 773 3317 videantur,
841 3275 979 3335 idque
997 3276 1098 3321 cum
1112 3278 1357 3337 conjedmri

184 3329 317 3400 {sequi
346 3332 577 3392 possumus,
613 3334 726 3396 quod
747 3336 826 3381 vix
864 3338 1033 3383 videtur
1055 3339 1235 3386 humani
1253 3358 1356 3388 con—

141 3395 145 3401 ’
185 3409 196 3452 ]
228 3406 448 3442 tantarum
462 3412 610 3444 ‘rerum
628 3398 886 3460 gubernatio
909 3402 987 3449 effe
1010 3405 1218 3464 potuiffe5
1260 3418 1354 3452 tum

752 3463 788 3507 E
1249 3484 1300 3518 ve
1306 3470 1353 3518 τὸ
