1437 2589
281 129 871 188 InCATlLINAM
931 127 1040 187 ῘΠ.
1218 150 1292 208 93

21 218 144 283 giem
164 221 564 285 pertimescendam.
622 219 714 267 'Ille
739 234 830 268 erat
864 239 964 267 unus
986 220 1202 267 timendus
1241 239 1299 270 ex

32 314 43 337 ,x
61 288 127 334 his
143 287 362 341 omnibus,
398 286 469 331 sed
490 285 655 331 tamdiu
679 285 784 330 dum
819 285 1035 331 moenibus
1058 285 1174 331 urbis
1197 302 1301 333 con—
1361 302 1364 304 ·

19 348 286 399 atinebatur.
355 348 523 395 Omnia
538 350 663 395 norat
681 366 690 393 :
715 348 911 394 omnium
933 348 1072 393 aditus
1094 350 1267 395 tenebat
1286 368 1300 397 z

6 406 289 475 appellare,
350 423 530 466 tentare,
588 411 800 457 solicitare
842 423 1025 472 poterat,
1077 413 1262 458 audebat
1286 430 1299 460 ε

20 475 145 535 §uerat
160 477 202 523 ei
220 475 449 522 confilium
464 476 521 521 ad
542 474 706 520 facinus
723 486 873 535 aptum
898 492 910 525 3
946 474 1125 520 consilio
1152 488 1302 522 autem

7 547 19 574 ἵ
38 554 192 602 «neque
215 541 370 601 lingua
392 555 531 600 neque
555 554 706 584 manus
730 539 889 583 deerat.
958 539 1059 598 Jam
1089 538 1145 583 ad
1176 550 1302 585 caete-

20 602 120 655 “fras
143 618 209 649 res
240 602 530 650 'conficiendas
552 614 688 647 certos
711 602 912 647 homines
947 602 1133 647 delectos
1155 618 1206 648 ac
1228 603 1301 648 de-

15 671 45 726 fr*
54 665 231 727 scriptos
266 666 456 711 habebat
477 682 486 711 ε
521 681 660 726 neque
677 664 781 710 vero
799 666 903 711 cum
936 664 1103 726 aliquid
1120 666 1301 712 manda-

15 730 189 785 ·,2'verat,
232 729 479 775 confectum
516 729 731 789 putabat:
766 728 880 773 nihil
912 739 1018 783 erat,
1069 729 1187 789 quod
1209 746 1300 777 non

10 807 18 841 ,·
49 792 142 853 ipse
164 791 320 848 obiret,
349 803 605 846 occurreret,
622 791 843 853 vigilaret,
876 791 1119 837 laboraret:
1140 792 1299 854 frigus,

28 862 35 886 ³
51 848 182 911 inim,
223 856 389 902 famem
419 855 529 900 ferre
552 865 734 915 poterat.
802 856 937 902 Hunc
959 869 1045 915 ego
1067 855 1301 903 hominem

8 907 37 972 ⁴,
52 929 142 965 tam
164 935 325 974 acrem,
360 930 452 964 tam
475 930 692 979 paratum,
729 928 820 963 tam
838 919 1064 972 audacem,
1102 929 1193 964 tam
1210 921 1299 965 cal-

18 981 205 1038 ,=.⁴lidum,
231 993 323 1028 tam
361 981 406 1026 in
429 981 582 1027 scelere
605 981 882 1042 vigilantem,
919 993 1010 1027 tam
1049 981 1096 1026 in
1119 983 1299 1043 perditis

11 1062 15 1067 ·
46 1045 174 1092 ¹*rebus
193 1046 472 1107 diligentem,
504 1044 588 1089 nisi
610 1060 666 1089 ex
704 1045 947 1090 domesticis
973 1044 1138 1091 insidiis
1162 1046 1208 1092 in
1224 1062 1299 1092 ca-

49 1108 199 1155 strense
241 1108 522 1154 latrocinium
551 1107 854 1169 compulissem
905 1108 1065 1169 (dicam
1099 1108 1145 1155 id
1180 1109 1298 1172 quod

32 1171 202 1234 2senti9,
241 1171 450 1234 Qirites)
491 1187 577 1216 non
607 1171 736 1217 facile
775 1172 892 1217 hanc
929 1182 1095 1218 tantam
1129 1173 1297 1220 molem

46 1235 156 1287 'mali
188 1233 215 1281 a
236 1234 478 1280 cervicibus
494 1235 640 1280 vestris
659 1235 924 1296 depulissem.
994 1235 1104 1282 Non
1127 1236 1201 1282 ille
1221 1252 1297 1282 vo-

34 1296 116 1346 vbis
131 1299 377 1344 Saturnalia
392 1297 681 1353 constituisset,
696 1314 832 1359 neque
849 1310 970 1344 tanto
993 1310 1091 1345 ante
1107 1299 1298 1346 exitium

51 1376 101 1406 ac
123 1361 199 1407 fati
222 1362 340 1407 diem
357 1361 544 1422 reipubl.
571 1361 860 1408 denunciaffet
878 1379 907 1413 3.
933 1378 1071 1424 neque
1112 1364 1298 1409 commi-

42 1423 173 1479 'fiffet,
218 1438 265 1471 ut
307 1425 495 1486 signum,
541 1436 589 1470 ut
624 1426 759 1471 literae
802 1426 899 1481 suae,
945 1427 1063 1471 testes
1107 1426 1297 1489 denique

6 1488 263 1548 ⁴3manifesti
305 1489 471 1535 sceleris
514 1488 946 1549 deprehenderentur.
1016 1489 1126 1552 Qae
1163 1506 1296 1547 nunc,

26 1547 128 1596 ¹¹illo
151 1551 338 1607 absente,
374 1551 431 1597 sic
468 1552 587 1613 gesta
629 1552 738 1608 sunt,
783 1564 830 1599 ut
851 1553 1018 1598 nullum
1042 1554 1088 1599 in
1121 1553 1297 1614 privata

47 1612 184 1660 ‘domo
214 1614 376 1661 furtum
415 1631 609 1676 unquam
647 1614 696 1662 sit
741 1628 831 1662 tam
865 1613 1012 1677 palam
1049 1617 1295 1673 inventurn,

12 1703 13 1710 κ
51 1674 184 1738 quarn
206 1678 298 1723 haec
320 1691 439 1724 tanta
456 1679 502 1723 in
523 1678 690 1739 republ.
716 1679 959 1739 conjuratio
983 1680 1207 1726 manifesto
1229 1681 1294 1726 in-

52 1751 178 1785 venta
212 1752 341 1803 atque
377 1742 640 1802 deprehensa
674 1743 745 1787 est.
816 1742 947 1805 Qod
969 1742 1000 1787 si
1035 1743 1229 1790 Catilina
1246 1744 1295 1790 in

27 1802 153 1848 ·urbe
172 1804 223 1849 ad
243 1805 355 1851 hanc
378 1805 496 1851 diem
520 1806 807 1857 rcmanfiffet;
843 1822 1108 1868 quanquam,
1148 1808 1295 1869 quoad

3 1884 8 1890 ·
48 1865 147 1922 filit,
182 1869 384 1913 omnibus
408 1869 497 1928 ejus
534 1869 720 1915 consiliis
760 1871 943 1925 occurri,
971 1883 1098 1932 atque
1116 1870 1294 1922 obstiti;

53 1940 213 1986 tamen,
255 1944 300 1976 ut
317 1929 522 1977 leviffimc
540 1932 701 1987 dicam,
726 1933 1026 1979 dimicandum
1045 1935 1171 1980 nobis
1193 1951 1299 1981 cum

52 1991 128 2038 illo
146 1993 314 2046 fuiss‘et3
358 2011 498 2056 neque
533 2011 609 2040 nos
641 2012 850 2056 unquam,
884 1997 1078 2052 dumille
1102 1998 1147 2044 in
1189 1999 1297 2044 urbe

42 2054 180 2106 ,hostis
202 2057 354 2112 fuisset,
390 2058 518 2102 tantis
556 2059 757 2119 periculis
795 2060 1009 2121 rempubl.
1033 2061 1153 2107 tanta
1168 2075 1293 2122 pace,

23 2119 170 2165 “tanto
191 2121 298 2176 otio,
317 2133 436 2167 tanto
453 2120 636 2176 silentio,
656 2122 971 2168 liberassemus.'
1029 2125 1296 2196 Qanquarn

4 2226 19 2243 ff,
42 2181 145 2238 ,haec
182 2185 346 2239 omnia,
383 2185 593 2247 Qirstes,
629 2185 692 2230 ita
727 2185 820 2231 sunt
841 2184 866 2231 a
888 2202 960 2231 me
982 2187 1297 2244 administrata,

14 2235 102 2309 ffut
133 2246 311 2292 deorum
334 2247 651 2293 immortalium
673 2261 776 2295 nutu
800 2260 926 2311 atque
943 2251 1121 2297 consilio
1155 2256 1196 2296 δε
1220 2266 1295 2312 ge-

40 2306 115 2353 sta
132 2313 171 2354 &-
187 2310 357 2369 provisa
377 2311 456 2357 effe
475 2311 712 2357 videantur.
781 2313 919 2374 quue
937 2314 1038 2359 cum
1051 2314 1297 2374 conjectura

40 2370 257 2434 'consequi
285 2373 517 2434 possumus,
552 2374 667 2436 quod
687 2375 766 2420 vix
803 2377 973 2421 videtur
994 2377 1175 2422 humani
1193 2393 1296 2424 con-

49 2431 139 2494 ζωῇ
169 2447 388 2484 tantarum
402 2453 551 2486 rerum
568 2438 827 2500 gubernatio
849 2440 927 2487 effe
950 2441 1126 2502 potuiffe
1144 2458 1159 2493 3
1200 2454 1295 2488 tum

692 2502 729 2547 F,
1189 2506 1293 2554 ver&

0 2562 85 2589 uni-2¹„
