1437 2589
132 85 154 121 1
170 82 248 135 24
447 66 512 123 In
557 67 652 126 M.
687 69 1006 128 Antonium

120 155 257 201 etiam
291 151 424 218 quz‘un
461 160 704 220 parricidas*
737 160 850 205 effe:
909 160 1125 222 siquidem
1163 166 1216 226 (st
1251 177 1364 211 atro-
1400 167 1427 175 ‘¹

122 222 206 264 cius
243 224 408 281 patriae
439 232 672 281 parentem,
714 241 836 282 quam
863 226 989 284 stmm
1011 227 1201 276 occidere.
1268 229 1361 283 Tu,

121 282 259 328 horno
301 283 468 343 sapiens
513 289 551 329 &
585 284 862 340 considerate,
895 287 1001 347 quid
1038 288 1180 335 dicis?
1212 289 1243 335 fi
1266 307 1389 352 par-.

120 347 270 390 ricidae
289 364 301 396 3
339 362 415 391 cur
435 346 615 393 honoris
646 347 770 393 causa
792 347 816 394 ὲ
842 361 883 394 te
912 349 1019 406 sunt,
1059 356 1100 396 δε
1120 352 1166 397 in
1187 352 1274 400 hoc
1295 370 1364 399 or-

118 408 237 463 dine,
286 414 326 454 Sc
367 410 483 469 apud
527 411 740 472 populum
773 413 1043 470 Romanum,
1085 413 1253 476 semper
1287 433 1364 478 ap-

120 472 302 532 pellati?
349 489 425 518 cur
459 475 527 520 M.
552 475 723 530 BrutUS,
778 487 819 520 te
857 476 1082 533 referente,
1107 478 1275 540 legibus
1305 480 1364 525 est

119 536 290 590 solutus,
329 537 360 582 fi
384 536 439 582 ab
463 537 567 583 urbe
589 538 682 600 plus
701 555 832 599 quarn
847 539 997 586 decern
1019 541 1109 585 dies
1132 542 1360 590 abfuisset?

123 601 216 645 Cur
237 600 325 644 ludi
366 600 643 661 Apollinares
667 602 909 648 incredibili
947 606 1017 651 M.
1042 605 1162 650 Bruti
1196 605 1364 652 honore

120 663 362 710 celebrati?
411 664 503 709 Cur
525 666 764 725 provinciae
805 667 944 711 Caffio
968 672 1009 712 δε
1048 669 1181 713 Bruto
1217 668 1360 716 datae?

118 742 197 772 cur
247 727 471 771 ‘luaestores
510 728 644 773 additi
677 732 693 774 ?
745 729 837 774 Cur
873 729 1118 791 legatorum
1161 746 1363 777 numerus

119 791 263 840 auctus
289 794 305 836 ?
342 791 488 851 Atque
521 791 615 837 haec
648 792 744 837 acta
781 807 860 852 per
881 804 921 838 te
948 810 957 838 2
1005 810 1092 840 non
1119 793 1258 855 igitur
1283 794 1364 841 ho·-

119 852 312 901 micidae.
374 853 572 915 Sequitur
607 866 652 900 ut
672 855 922 901 liberatores
952 867 1028 902 tuo
1051 856 1219 916 judicio
1241 859 1322 904 fint
1347 876 1361 905 :

116 917 473 979 quandoquidem
495 918 671 964 tertium
688 918 802 963 nihil
819 919 954 980 potest
965 921 1060 966 esse.
1131 921 1254 983 Qid
1274 922 1360 968 est?

117 996 226 1026 num
263 981 476 1027 conturbo
511 985 594 1028 te?
640 997 727 1026 non
752 983 874 1028 enim
911 982 1081 1028 fortasse
1118 983 1229 1040 satiS,
1266 1001 1363 1046 quae

120 1043 355 1090 distincti-tis
374 1045 590 1100 dicuntur,
622 1044 848 1106 intelligis.
913 1046 999 1092 Sed
1017 1058 1167 1092 tamen
1188 1047 1283 1092 haec
1304 1048 1363 1093 est

118 1105 289 1152 summa
327 1107 611 1153 conclusionis
652 1124 787 1153 meae:
830 1109 1040 1170 quoniam
1079 1110 1233 1155 scelere
1263 1108 1288 1155 ὲ
1320 1122 1363 1158 te

117 1169 286 1217 liberati
323 1170 432 1225 sunt,
478 1171 534 1216 ab
575 1171 732 1216 eodem
769 1183 810 1217 te
863 1173 1130 1232 amplissimis
1169 1174 1362 1234 praemiis

118 1233 358 1294 digniffimi
387 1233 568 1293 judicati
608 1231 716 1282 sunt.
784 1235 937 1295 Itaque
969 1235 1066 1295 jain
1095 1248 1247 1282 retexo
1268 1252 1362 1282 ora-

114 1296 282 1342 tionem
304 1313 469 1343 meam.
533 1295 733 1342 Scribam
770 1297 826 1342 ad
861 1297 972 1351 illos,
1011 1309 1058 1343 ut
1087 1298 1196 1359 siqui
1230 1296 1359 1355 forte,

116 1360 233 1420 quod
261 1357 288 1406 ὲ
326 1371 368 1405 te
406 1359 518 1405 mihi
537 1359 756 1418 objectum
790 1360 863 1416 est,
903 1373 1110 1420 quaerent,
1144 1361 1266 1408 sit-ne
1287 1377 1361 1406 ve-

115 1439 243 1474 nir-213
283 1439 338 1468 ne
374 1424 443 1468 cui
479 1433 654 1484 negent.
679 1423 843 1468 etenim
865 1439 1032 1478 vereor,
1066 1441 1122 1470 ne
1158 1436 1230 1470 aut
1251 1424 1362 1470 cela-

118 1497 213 1531 tum
241 1502 311 1531 mc
343 1486 428 1531 illis
466 1485 565 1546 ipsis
599 1501 689 1530 non
712 1486 970 1538 honestum3
1012 1499 1085 1532 aut
1126 1486 1362 1535 invitatum

115 1549 332 1610 refugiffe,
368 1549 480 1595 mihi
527 1549 578 1594 sit
614 1548 915 1609 turpifflmum.
984 1550 1096 1611 Qtae
1129 1550 1250 1595 enim
1294 1567 1359 1596 res

117 1628 311 1672 unquam
350 1615 445 1673 (pro
480 1611 632 1656 sancte*
660 1611 828 1672 Jupiter
845 1614 869 1673 l)
907 1628 995 1657 non
1021 1613 1154 1658 modo
1194 1614 1239 1658 in
1275 1613 1360 1659 hac

116 1675 239 1729 urbe,
279 1674 415 1720 sedin
442 1675 798 1721 omnibus“terris
815 1677 872 1720 est
907 1677 1025 1736 gesta
1040 1675 1222 1735 major?
1263 1692 1360 1738 quae

118 1738 378 1800 gloriosior?
398 1755 492 1799 quae
507 1737 856 1784 commendatior
872 1738 1110 1784 'hominum
1132 1740 1359 1784 memoriae

115 1802 422 1863 sempiternae?
468 1802 513 1846 in
545 1801 670 1860 hujus
690 1817 761 1847 me
784 1801 946 1861 consilij
973 1800 1239 1857 societatem,
1266 1814 1359 1848 tan-

114 1880 249 1926 quam
279 1864 324 1910 in
354 1880 515 1925 equum
544 1864 793 1923 Trojanum
812 1880 913 1910 cum
935 1864 1205 1926 principibus
1223 1865 1358 1911 inclu-

115 1928 209 1974 dis?
245 1945 335 1974 non
358 1928 518 1976 recuso.
585 1928 694 1988 Ago
712 1927 848 1972 etiam
867 1927 1045 1989 gratias,
1069 1943 1243 1989 quoquo
1266 1929 1359 1974 ani-

116 2007 192 2051 mo
210 1991 329 2037 facis.
397 1993 546 2036 Tanta
566 1991 686 2035 enim
703 2006 767 2036 res
790 1991 862 2046 est,
907 2003 952 2036 ut
968 1990 1184 2036 invidiam
1212 1992 1356 2047 istam,

115 2049 250 2114 quarn
266 2066 313 2100 tu
330 2054 377 2098 in
400 2069 472 2098 me
488 2052 554 2098 vis
573 2053 804 2108 concitare,
850 2069 949 2099 cum
982 2054 1108 2100 laude
1125 2069 1214 2100 non
1236 2071 1357 2100 com-

114 2133 283 2177 parem.
350 2116 474 2179 Qid
495 2114 616 2161 enim
645 2116 812 2161 beatius
852 2116 955 2171 illis,
992 2132 1099 2178 quos
1128 2126 1174 2162 tu
1203 2117 1356 2178 expul-

116 2180 180 2226 sos
199 2177 225 2225 ὲ
255 2192 296 2225 te
326 2180 534 2240 praedicas
572 2184 612 2224 δι
647 2179 860 2240 relegatos
885 2183 901 2225 ?
949 2181 1023 2240 qui
1064 2180 1182 2225 locus
1204 2181 1262 2226 est
1284 2181 1359 2229 aut

116 2256 210 2289 tam
231 2241 433 2298 desertus,
482 2254 555 2288 aut
574 2242 961 2296 taminhumanus‚
1001 2243 1077 2304 qui
1115 2242 1227 2298 illos,
1270 2259 1358 2306 quo

116 2305 378 2360 accesserint,
422 2322 510 2351 non
547 2306 670 2351 affari
715 2317 843 2365 atque
886 2317 1087 2366 appetere
1125 2305 1355 2353 videatur?

116 2369 189 2435 qui
220 2369 421 2416 homines
454 2375 549 2419 tam'
568 2368 770 2433 agrestes,
810 2367 884 2429 qui
922 2367 980 2424 se,
1024 2384 1126 2416 cum
1163 2384 1237 2414 eos
1281 2369 1355 2414 adv

1117 2429 1353 2494 spexerint‚
1421 2485 1432 2491 ,-
