1437 2589
202 91 1015 172 Pro'RegeDizio‘rARO.
1185 112 1260 167 45

21 192 117 239 *lum
141 187 401 243 accusavisti,
437 199 484 233 ut
503 185 685 240 hostem,
740 184 812 230 sed
833 196 880 230 ut
909 183 1103 230 amicum
1119 183 1266 231 officio

21 253 180 317 -parum
212 252 419 305 functum,
455 248 571 311 quod
602 247 853 309 propenfior
874 247 921 293 in
944 248 1027 293 Cn.
1063 248 1265 308 Pompeij

21 315 268 364 amicitiam
307 314 460 366 fuisset,
495 309 630 373 quam
653 307 699 356 in
721 322 840 356 tuam
864 328 874 355 :
909 310 980 356 cui
1014 322 1162 356 tamen
1185 311 1266 372 iffi

21 379 89 426 rei
121 377 295 424 veniam
333 388 374 422 te
403 375 603 421 daturum
646 374 765 419 fuiss'e
802 373 992 428 dicebas,
1028 374 1060 418 fi
1094 384 1266 420 tantum

27 441 189 489 auxilia
210 438 437 500 Pompeio,
474 438 544 483 v'el
580 437 614 483 -fi
644 438 780 482 etiarn
801 436 939 483 filium
954 436 1139 493 misisset,
1176 437 1267 498 ipse

21 516 169 553 tamen
189 501 463 549 excusatione
494 500 629 547 aetatis
651 498 744 545 usus
776 500 889 546 effet.
956 501 1126 562 Itaque,
1162 500 1267 547 cum

29 567 230 615 maximis
252 572 353 611 eum
376 564 499 610 rebus
515 564 736 618 liberare3‚
774 578 1035 624 perparvam
1056 563 1267 609 amicitiae

27 631 195 692 culpam
211 614 497 690 relinquebas,
564 628 719 689 Itaque
737 642 825 672 non
842 626 980 672 solum
997 626 1042 672 in
1058 642 1159 672 eum
1175 642 1267 673 non

20 691 375 747 ·animadvertisti,
410 691 481 737 sed
504 690 625 737 omni
661 701 783 735 metu
821 689 1073 745 liberavisti,
1119 688 1266 751 hospi-

21 767 113 805 tem
133 755 360 818 agnovisti,
397 770 548 816 regem
584 753 805 814 reliquisti.
844 768 983 814 neque
1019 752 1141 798 enim
1186 753 1263 798 ille

24 820 125 867 odio
138 819 199 864 tui
222 818 474 881 progressus,
510 817 582 863 sed
623 832 765 862 errore
789 816 1015 862 communi
1033 814 1171 877 lapsus
1189 816 1264 862 est.

23 884 69 931 ‘Is
91 882 204 936 Rex,
238 898 370 943 quem
392 883 569 927 Senatus
606 879 692 925 hoc
729 879 907 924 nomine
925 879 1038 939 saepe
1060 879 1266 924 honorifi-

21 945 263 993 ·centiffimis
295 945 475 990 decretis
505 942 815 1004 appellavisset,
851 943 1013 1004 quique
1050 941 1176 987 illum
1197 958 1266 987 or·

22 1008 170 1055 dinem
206 1007 262 1053 ab
300 1007 585 1053 adolescentia
606 1006 903 1067 gravissimum
942 1004 1267 1050 sanc'tiffimum-

27 1087 108 1134 que
143 1071 337 1126 duxiffet,
390 1070 541 1116 iisdem
577 1070 701 1115 rebus
738 1069 796 1114 est
833 1069 1103 1130 perturbatus
1126 1068 1268 1114 homo

22 1135 364 1196 longinquug&
388 1134 650 1194 alienigena,
685 1132 840 1193 quibus
859 1148 935 1177 nos
966 1132 1013 1177 in
1035 1132 1181 1177 media
1203 1147 1269 1177 re-

24 1198 199 1260 publica
219 1197 308 1243 nati
326 1195 577 1258 semperque
596 1196 767 1241 versati.
837 1196 954 1241 Cum
983 1195 1160 1241 audisset
1191 1197 1267 1241 Se-

23 1261 146 1307 natus
162 1261 462 1306 consentientis
486 1260 737 1305 aucloritate
760 1274 883 1303 arma
919 1257 1103 1320 sumpta,
1148 1259 1266 1305 Con-

25 1322 195 1378 sulibuS,
227 1324 499 1379 Praetoribu5‚
533 1322 746 1368 Tribunis
778 1321 933 1382 plebis,
968 1323 1094 1368 novis
1125 1322 1267 1384 impe-

21 1386 230 1432 ratoribus
263 1387 520 1448 rempublic.
556 1385 870 1432 defendendam
907 1385 1069 1440 datam,
1115 1401 1266 1431 move-

24 1447 147 1495 batur
168 1450 332 1505 animo,
373 1454 413 1495 &
435 1449 505 1495 vir
536 1449 640 1494 huic
678 1449 868 1508 imperio
896 1448 1170 1494 amicissimus
1208 1449 1265 1494 de

21 1511 151 1559 salute
173 1513 322 1574 populi
361 1513 555 1560 Romani
577 1511 903 1566 extimescebat,
944 1512 989 1556 in
1022 1528 1107 1572 qua
1127 1512 1265 1558 etiam

26 1573 141 1621 suam
161 1575 367 1622 inclusam
388 1576 468 1621 effe
505 1576 682 1621 videbat
707 1593 716 1620 :
768 1575 814 1621 in
841 1573 1011 1620 summo
1041 1587 1186 1621 tamen
1209 1576 1264 1620 ti-

28 1652 144 1684 more
160 1638 462 1700 quiescendum
484 1638 563 1684 fibi
586 1639 665 1684 effe
682 1638 985 1684 arbitrabatur.
1054 1635 1265 1684 Maxim&

26 1700 125 1747 vero
145 1702 410 1762 perturbatus
432 1703 504 1756 est,
539 1713 586 1747 ut
621 1701 790 1747 audivit
828 1701 1032 1747 Consules
1055 1717 1110 1747 ex
1135 1702 1266 1748 Italia

27 1763 284 1826 profugiffe3
319 1763 550 1826 omnesque
571 1765 821 1810 Consulares
856 1765 925 1824 (sic
948 1764 1068 1809 enim
1084 1765 1264 1810 nuncia»

26 1827 162 1888 batur)
201 1829 400 1874 cunclum
425 1830 646 1882 Senatum,
682 1839 819 1873 totam
842 1828 1020 1873 Italiam
1049 1828 1128 1873 effe
1157 1828 1264 1873 effu·

26 1886 112 1935 sam
132 1906 142 1934 t
176 1890 330 1936 talibus
351 1892 472 1937 enim
493 1891 660 1936 nunciis
686 1896 725 1936 δε
743 1891 986 1936 rumoribus
1010 1890 1186 1951 patebat
1207 1889 1266 1936 ad

28 1951 251 1999 Orientem
267 1954 356 2008 via,
393 1970 472 1999 nec
486 1954 561 1998 ulli
580 1953 671 1998 veri
686 1953 1058 2014 subsequebantur.
1127 1954 1265 1999 Nihil

25 2012 96 2060 ille
116 2016 169 2061 de
190 2016 509 2062 conditionibus
540 2017 639 2072 tuis,
678 2016 791 2061 nihil
829 2016 881 2060 de
922 2017 1060 2062 studio
1087 2033 1266 2062 concor-

25 2073 126 2132 diae,
147 2083 187 2123 δε
209 2079 344 2139 pacis,
379 2079 492 2124 nihil
515 2079 568 2124 de
591 2079 908 2140 conspiratione
942 2079 1146 2125 audiebat
1175 2096 1265 2124 cer-

22 2147 166 2184 torum
187 2141 417 2188 hominum
439 2153 588 2187 contra
601 2142 862 2202 dignitatem
880 2153 1014 2188 tuam.
1050 2159 1144 2203 quae
1159 2143 1264 2188 cum

25 2198 90 2247 ὁτὲ
116 2203 257 2257 essent,
292 2215 438 2251 tamen
459 2205 588 2267 usque
625 2206 676 2251 εό
707 2204 750 2249 se
774 2205 925 2259 tenuit,
961 2206 1104 2266 quoad
1126 2203 1151 2249 a
1176 2206 1264 2252 Cn.

24 2261 237 2325 Pompeio
254 2266 308 2311 ad
323 2283 423 2313 eum
438 2268 573 2328 legati
603 2268 820 2330 literaeque
841 2279 1062 2313 venerunt.
1130 2268 1152 2312 Ι
1157 2283 1266 2329 gno-

31 2324 110 2382 sce,
144 2327 334 2389 ignosce,
370 2331 527 2386 Caesar,
583 2331 614 2375 si
650 2330 738 2390 ejus
777 2331 861 2377 viri
905 2331 1146 2375 aufioritati
1186 2346 1264 2376 rex

28 2382 259 2440 Deiotarus
275 2392 402 2451 ceffit,
437 2409 569 2457 quem
592 2410 669 2440 nos
691 2403 840 2443 omnes
857 2394 988 2442 secuti
1011 2394 1151 2440 sumus
1171 2411 1181 2437 2
1217 2395 1264 2439 in

33 2479 53 2488 ··
676 2457 717 2505 C
1132 2470 1263 2520 quem
