1437 2589
121 95 232 156 172
485 77 943 138 ORATIO

112 170 269 216 deinde
291 168 522 217 omnibus
509 187 557 215 1n
573 170 700 218 rebus
717 169 1037 244 temperantia?
1061 171 1222 234 quanta
1239 172 1347 219 fide
1336 175 1350 208 Ρ
1403 179 1411 220 f

113 246 278 296 quanta
311 233 521 279 facilitate
544 237 561 279 ?
610 246 775 296 quanto
811 234 1033 297 ingenio?
1083 236 1247 296 quanta
1277 236 1354 282 hu·-

114 298 352 346 manitate.
344 301 359 332 Ρ
389 297 506 359 Qae
532 296 736 352 breviter,
771 298 918 359 qualia
938 297 1084 345 sintin
1121 299 1203 345 Cn.
1227 299 1356 345 Pom-

112 362 231 422 peio,
277 359 608 406 confideremuS.
674 362 858 408 Summa
894 362 1016 408 enim
1049 362 1203 408 omnia
1245 361 1355 417 sunt,
1404 384 1405 387 ¹

115 424 350 484 Qirites·
338 457 352 476 ,
389 424 460 470 sed
481 439 534 471 ea
555 424 701 488 magis
734 440 792 471 ex
826 424 1015 471 aliorum
1057 425 1355 481 contentione,

114 503 248 550 quam
280 488 375 550 ipsa
409 503 490 550 per
523 486 623 544 sese,
662 487 870 560 cognosci
907 502 1036 550 atque
1057 488 1247 550 intelligi
1265 487 1360 550 pos-

115 553 220 598 sunt.
289 553 437 615 Qem
472 551 595 597 enim
616 552 832 613 possumus
855 552 1168 624 imperatorem
1210 552 1364 614 aliquo

117 616 163 662 in
196 631 381 663 numero
400 625 568 677 putare,
594 615 714 687 cujus
736 616 784 660 in
803 617 1001 662 exercitu
1028 626 1217 662 veneant
1259 631 1359 662 cen

118 679 326 735 turiatus‚
361 690 489 740 atque
521 678 738 725 venierint
771 681 786 724 ?
832 679 938 741 quid
975 679 1092 724 hunc
1127 678 1363 727 hominem

118 758 335 814 magnum
353 755 428 788 aut
446 741 647 804 amplum
667 742 721 788 de
749 742 917 803 republ.
941 742 1156 804 cogitare,
1195 743 1272 804 qui
1289 758 1364 804 pe·

119 823 298 853 cumam
327 821 384 853 ex
402 805 556 852 aerario
576 806 886 867 depromptam
914 805 970 851 ad
991 806 1157 852 bellum
1174 806 1363 852 admini

122 872 355 925 strandum,
396 882 470 916 aut
491 881 670 931 propter
690 869 978 931 cupiditatem
1007 869 1249 941 provinciae
1270 885 1362 916 ma·

123 935 369 996 gistratibus
392 933 603 987 diviserit,
650 945 723 979 aut
743 944 921 994 propter
951 933 1185 978 avaritiam
1203 935 1364 979 Romae

121 1000 168 1043 in
186 999 342 1059 quaestu
376 996 628 1058 reliquerit?
668 998 824 1043 Vestra
856 996 1203 1043 admurmuratio
1240 996 1362 1051 facit,

124 1034 339 1133 QiriteS,
383 1072 430 1106 ut
467 1058 700 1122 agnoscere
737 1060 1000 1115 videamini,
1039 1059 1113 1122 qui
1138 1060 1233 1105 haec
1254 1060 1365 1105 fece-

124 1127 228 1171 rint
300 1125 400 1186 Ego
423 1136 569 1170 autem
589 1123 814 1170 neminem
832 1123 1031 1169 nomino.
1100 1123 1249 1186 Qare
1266 1121 1365 1169 iras-

126 1191 165 1234 ci
190 1188 304 1234 mihi
325 1204 457 1233 nemo
478 1188 655 1249 poterit,
693 1187 773 1232 nisi
796 1188 873 1249 qui
894 1183 993 1233 ante
1025 1186 1079 1232 de
1099 1185 1142 1232 se
1176 1185 1365 1233 voluerit

126 1252 336 1298 confiteri
405 1252 559 1313 Itaque
579 1262 755 1322 propter
789 1252 904 1296 hanc
925 1250 1160 1296 avaritiam
1178 1249 1367 1312 impera-

126 1330 273 1362 torum
298 1325 478 1376 quantas
500 1314 782 1369 calamitateS,
821 1329 1080 1376 quocunque
1101 1324 1283 1359 ventum
1299 1313 1367 1369 sit,

128 1379 256 1425 nostri
276 1394 420 1424 exerci
425 1390 492 1423 tus
507 1377 662 1433 ferant,
697 1378 792 1438 quis
813 1378 1020 1438 ignorat.
1010 1381 1025 1412 Ρ
1069 1377 1250 1431 Itinera,
1272 1392 1372 1437 quae

128 1458 216 1514 per
239 1441 368 1487 hosce
391 1458 524 1487 annos
542 1441 588 1487 in
619 1440 765 1495 Italia,
795 1457 873 1511 per
890 1455 1018 1502 agros
1052 1450 1180 1502 atque
1202 1439 1369 1500 oppida

129 1505 297 1552 civium
330 1507 637 1550 Romanorum
680 1504 809 1549 nostri
840 1504 1124 1565 imperatores
1159 1503 1366 1558 fecerunt,

131 1568 459 1616 recordamini:
499 1581 594 1614 tum
614 1567 786 1612 facilius
806 1567 1008 1621 statuetis,
1043 1566 1151 1628 quid
1163 1566 1281 1627 apud
1295 1581 1371 1611 ex·

132 1633 457 1684 terasinationes
490 1631 582 1678 fieri
616 1630 885 1676 existimetis.
956 1630 1124 1677 Utrum
1141 1629 1282 1690 plures
1305 1644 1370 1675 ar·
1422 1682 1427 1686 ,

133 1696 363 1743 bitramini
407 1711 486 1756 per
518 1693 646 1740 hosce
668 1710 804 1739 annos
827 1693 1021 1740 militum
1042 1694 1280 1739 vestre-rum
1303 1702 1382 1737 ar-'
1420 1711 1421 1714 ¹

135 1760 218 1808 mis
235 1760 425 1805 hostium
446 1759 588 1813 uibe3‚
623 1773 680 1803 an
708 1758 902 1803 hibernis
937 1756 1153 1811 sociorum
1174 1756 1372 1802 civitates

134 1824 215 1870 effe
233 1822 391 1868 deletas
417 1826 433 1869 ?
465 1823 626 1884 Neque
648 1821 769 1866 enim
787 1820 922 1882 potest
933 1819 1176 1865 exercitum
1207 1820 1242 1864 is
1272 1835 1375 1864 con-
1410 1835 1418 1841 ·

135 1888 273 1935 tinere
293 1886 547 1946 imperator,
582 1884 657 1945 qui
691 1883 876 1946 seipsum
918 1899 1008 1928 non
1041 1883 1266 1928 continet:
1302 1896 1378 1927 ne·
1422 1927 1426 1931 ,

137 1967 219 2013 que
238 1950 402 1996 severus
419 1949 533 1995 effe
522 1965 567 1993 m
585 1946 745 2008 judica
737 1948 839 2001 ndo,
866 1946 942 2008 qui
966 1944 1071 1991 alio's
1101 1945 1148 1990 in
1178 1945 1219 1990 se
1263 1943 1376 1990 seve
1417 1966 1423 1991 .-

138 2030 207 2061 ros
230 2014 310 2059 effe
328 2012 493 2072 judices
511 2028 599 2057 non
620 2011 729 2056 vult.
798 2009 866 2056 H
854 2026 893 2056 ic
927 2009 1140 2054 miramur
1161 2008 1277 2053 hunc
1294 2008 1375 2053 ho·
1414 2019 1429 2066 ζ,

140 2077 310 2124 minem
332 2086 501 2122 tantum
517 2074 728 2120 excellere
745 2074 923 2128 caeteris,
958 2073 1075 2131 cujus
1100 2071 1295 2134 legiones
1317 2070 1413 2117 fic
1411 2090 1423 2120 s

140 2141 189 2188 in
202 2140 356 2187 Afiam
372 2149 674 2200 pervenerunt,
714 2148 761 2181 ut
793 2152 880 2182 non
911 2135 1045 2180 modo
1079 2148 1230 2179 manus
1266 2129 1430 2186 tantis}

141 2204 372 2258 exercitu3‚
407 2201 479 2247 sed
513 2216 570 2246 ne
608 2199 838 2261 vestigium
862 2199 1041 2272 quidem
1075 2197 1280 2258 cuiquam
1302 2212 1393 2258 pa·
1435 2256 1437 2259 v

142 2279 242 2314 cato
271 2264 460 2312 nocuiss'e
495 2264 705 2310 ἁὶεειωτὲ-
736 2263 832 2322 jaii
868 2260 972 2308 vero
1007 2251 1403 2322 quemadmodum*
1432 2270 1437 2286 '¹

145 2330 306 2376 milites
329 2328 576 2382 hibernent,
611 2326 805 2387 quotidie
828 2325 1041 2370 sermones
1063 2339 1112 2370 ac
1134 2323 1269 2369 literae
1285 2337 1390 2383 per--
1433 2334 1437 2381 ζ

146 2393 354 2450 feruntur,
373 2407 462 2440 non
483 2389 631 2446 modo,
660 2400 704 2436 ut
719 2388 939 2451 sumptum
956 2386 1116 2437 faciat
1104 2402 1152 2435 in
1168 2384 1393 2457 militem&¹
1426 2407 1437 2417 2

1221 2446 1340 2502 nemi
