1437 2589
238 98 1003 188 ProLegeMAN1L1A.
1178 100 1288 175 169

2 227 4 229 -
62 195 141 242 tuti
182 195 264 241 Cn.
288 194 487 256 Pompeij
521 210 616 256 quae
644 193 779 256 potest
799 208 879 254 par
902 195 1043 239 oratio
1064 193 1250 241 inveniri
1276 200 1293 241 ?

60 258 236 319 quidest
252 257 370 320 quod
389 256 615 319 quisquam
637 268 712 303 aut
730 257 916 319 dignum
940 257 1030 311 illo,
1066 266 1141 303 aut
1169 258 1296 304 vobis

59 337 243 378 novum,
293 321 368 367 aut
408 319 614 382 cuiquam
648 320 893 366 inauditum
933 321 1054 381 possit
1102 321 1294 367 afferre?

62 384 173 431 Non
209 384 330 430 enim
365 384 452 429 illae
492 384 588 431 sunt
630 383 743 430 so'lae
766 383 946 429 virtutes
985 384 1294 447 imperatoriae,

58 463 158 509 quae
174 447 310 509 vulgo
334 448 648 506 existimantur,
696 447 822 493 labor
852 447 899 492 in
934 448 1138 510 negotiis,
1174 448 1296 494 forti-

57 511 162 557 tudo
209 507 256 557 in
295 511 515 573 periculis,
566 509 772 558 industria
812 510 860 556 in
887 510 1089 573 agendo,
1147 511 1297 559 celeri-

57 584 122 623 tas
180 574 227 621 in
269 575 554 631 conficiendo,
605 571 834 623 confilium
881 574 928 620 in
992 575 1294 638 providendo;

57 635 155 700 qfiae
191 650 311 684 tanta
346 638 439 685 sunt
470 639 518 685 in
555 638 641 685 hoc
671 654 772 695 uno,
805 650 967 701 quanta
1003 640 1048 684 in
1092 639 1296 685 omnibus

59 701 234 763 reliquis
247 703 599 764 imperatoribus,
635 718 741 765 quos
772 714 847 748 aut
862 702 1067 757 vidimus,
1113 715 1187 749 aut
1222 719 1296 748 au-

58 764 268 822 divimus,
322 782 411 811 non
448 767 632 812 fuerunt.
711 766 852 813 Testis
893 766 952 811 est
990 767 1136 822 Italia,
1160 782 1295 828 quam

58 827 134 875 ille
170 827 259 890 ipse
297 829 437 874 vietor
476 829 529 875 Lss
561 829 680 876 Sulla
723 829 849 889 hujus
882 830 1042 876 virtute
1099 835 1140 876 δε
1186 846 1291 876 con-

55 891 152 938 filio
169 892 375 938 confessus
391 893 449 938 est
463 893 696 940 liberatam
714 910 724 938 ε
747 893 859 939 testis
880 894 937 939 est
958 893 1123 949 Sicilia,
1159 910 1294 956 quam

55 955 204 1001 multis
227 954 418 1017 undique
440 957 631 1003 cinctam
648 957 848 1018 periculis
879 973 966 1003 non
986 968 1147 1004 terrore
1169 958 1292 1014 belli,

54 1017 127 1064 sed
148 1017 366 1066 celeritate
389 1019 574 1079 confilij,
598 1020 841 1081 explicavit
864 1037 874 1066 :
898 1020 1009 1066 testis
1031 1021 1090 1066 est
1119 1021 1292 1078 Africa,

53 1097 153 1143 quae
173 1082 348 1144 magnis
386 1084 581 1147 oppressa
618 1084 807 1130 hostium
844 1084 1000 1145 copiiS,
1039 1100 1192 1131 eorum
1225 1085 1293 1148 ip-

53 1145 199 1192 sorum
229 1145 438 1208 sanguine
474 1146 758 1193 redundavit:
789 1148 899 1193 testis
925 1148 983 1192 est
1005 1147 1173 1203 Gallia,
1215 1164 1294 1210 per

53 1224 189 1271 quam
209 1209 458 1273 legionibus
483 1210 632 1256 nostris
656 1210 702 1256 in
716 1209 984 1272 Hispaniam
1004 1211 1099 1266 iter,
1135 1213 1291 1258 Gallo-

52 1287 153 1320 rum
173 1272 483 1330 internecione,
509 1273 772 1335 patefaCtum
789 1275 876 1321 est:
914 1274 1026 1321 testis
1046 1276 1106 1321 est
1131 1275 1292 1337 Hispa-

51 1335 142 1391 nia,
177 1339 275 1398 quae
295 1334 517 1399 saepiffime
538 1336 748 1399 plurimos
772 1338 910 1384 hostes
931 1338 988 1385 ab
1010 1338 1096 1384 hoc
1123 1339 1291 1401 supera-

53 1410 118 1445 tos
154 1399 465 1464 prostratosque
499 1400 761 1464 conspexit:
806 1402 918 1449 testis
952 1401 1012 1447 est
1054 1402 1212 1448 iterum
1247 1407 1289 1450 ἃς

51 1460 204 1523 saepiiis
229 1464 373 1520 Italia,
399 1482 511 1527 quae,
542 1481 643 1512 cum
667 1464 809 1524 servili
833 1466 949 1512 bello
985 1463 1293 1528 taetro'pericu-

51 1525 227 1588 losoque
245 1524 525 1590 premeretur,
567 1529 623 1575 ab
657 1529 744 1575 hoc
766 1528 984 1574 auxilium
1013 1528 1183 1575 absente
1212 1547 1289 1576 ex-

50 1590 234 1650 petivit:
271 1591 387 1653 quod
422 1592 588 1639 bellum
621 1593 938 1654 exspectatione
954 1592 1150 1654 Pompeij
1183 1606 1288 1641 atte-

49 1665 229 1701 nuatum
247 1667 375 1717 atque
395 1655 678 1703 imminutum
694 1657 752 1702 est
771 1674 784 1707 3
803 1657 989 1702 adventu
1008 1656 1220 1703 sublatum
1238 1675 1290 1706 ac

48 1715 259 1778 sepultum
284 1736 293 1763 :
331 1719 451 1766 testes
476 1720 580 1768 vero
603 1721 698 1780 jam
721 1737 871 1767 omnes
901 1735 1002 1775 orae,
1042 1732 1170 1784 atque
1192 1738 1288 1768 orn-

51 1796 126 1825 nes
161 1794 322 1828 exterae
356 1795 507 1844 gentes
546 1800 598 1830 ac
628 1783 861 1835 natione53
917 1783 1102 1846 denique
1144 1787 1288 1832 maria

50 1844 203 1899 omnia
236 1857 330 1890 tum
366 1847 580 1902 universa,
618 1860 711 1893 tum
749 1848 793 1893 in
816 1848 992 1910 singulis
1016 1848 1101 1894 oris
1132 1865 1285 1895 omnes

48 1904 175 1962 smus,
211 1919 339 1969 atque
361 1922 543 1970 portus„
593 1911 704 1973 Qis
732 1912 852 1967 enim
890 1923 981 1957 toto
1017 1911 1130 1958 mari
1166 1912 1285 1958 locus

49 1985 126 2031 per
148 1971 227 2016 hos
250 1989 401 2028 annm,
436 1986 511 2020 aut
539 1987 630 2021 tam
651 1975 826 2021 firmum
848 1975 1001 2022 habuit
1022 1974 1283 2037 praefidium,

48 2044 96 2079 ut
132 2045 242 2080 tutus
276 2037 414 2083 effet?
448 2049 521 2083 aut
552 2050 644 2083 tam
674 2037 756 2084 fuit
791 2038 978 2094 abditus,
1018 2051 1064 2085 ut
1100 2039 1283 2086 lateret?

48 2097 142 2157 quis
165 2098 407 2161 navigavit,
446 2101 521 2163 qui
545 2118 632 2147 non
654 2101 694 2146 se
728 2114 800 2148 aut
829 2103 996 2157 mortiS,
1022 2114 1094 2148 aut
1110 2101 1284 2148 servitu-

49 2160 103 2205 tis
130 2161 323 2220 periculo
340 2164 670 2211 committeret?
710 2165 811 2211 cum
829 2176 902 2211 aut
928 2165 1091 2220 hieme,
1124 2177 1197 2212 aut
1217 2182 1282 2210 re-

52 2222 165 2270 ferto
209 2226 465 2286 praedonum
501 2228 614 2274 mari
659 2228 928 2291 navigaret?
973 2229 1077 2274 Hoc
1114 2221 1282 2274 tantuin

47 2285 228 2343 bellum,
254 2301 347 2335 tam
367 2302 509 2352 turpe,
528 2302 619 2337 tam
640 2301 777 2347 vetus,
824 2303 914 2338 tarn
952 2289 1037 2337 late
1075 2290 1278 2347 divisum,

48 2361 176 2412 atque
197 2351 446 2415 dispersum,
494 2355 589 2415 quis
607 2371 798 2417 unquam
819 2356 1099 2402 arbitraretur
1130 2366 1203 2400 aut
1224 2355 1282 2400 ab

49 2413 250 2473 omnibus
288 2416 621 2481 imperatoribus
660 2435 747 2463 uno
793 2436 922 2476 anne,
967 2417 1288 2469 autmomnibus-

27 2496 30 2499 ⁴
659 2482 710 2528 H
747 2498 769 2540 3
1156 2481 1280 2528 mnis
