1437 2589
129 57 203 116 16
481 57 1026 117 ORATIO

173 154 265 260 Jua
308 152 376 181 nec
388 137 507 198 pfft
549 138 731 198 dignitas
767 137 921 199 respub.
957 155 1028 184 nec
1065 138 1240 201 restitui,
1297 156 1367 187 nec

201 217 372 245 ervarl.

122 325 316 491 Dr
337 327 385 372 U
407 326 454 372 T
472 327 521 373 U
539 291 582 372 R
606 327 655 372 Ν
674 327 698 374 1
731 326 903 387 filentij,
946 327 995 376 Ρ,
1015 328 1068 373 C.
1119 343 1208 390 quo
1245 342 1369 375 eram

216 446 221 450 ἱ
318 389 393 434 -his
432 390 701 451 temporibus
730 390 840 446 usus,
877 406 968 437 non
1010 391 1168 437 timore
1201 391 1366 454 aliquo,

323 452 390 498 sed
414 453 577 514 partim
600 453 764 509 dolore,
817 454 978 515 partim
1011 455 1288 510 verecundia,
1323 456 1370 500 fi-

119 529 222 560 nem
244 514 476 562 hodiernus
499 516 589 563 dies
613 517 754 563 attulit
776 534 789 567 3
826 515 1030 579 idemque
1049 518 1242 574 initium,
1274 535 1370 580 quae

121 578 282 624 vellem
299 595 478 641 quaeque
501 579 719 636 sentirem,
756 596 860 643 meo·
879 581 1059 643 pristino
1081 597 1203 627 more
1225 581 1371 627 dicen-

117 640 179 686 di.
247 644 442 688 Tantam
482 644 604 689 enim
642 643 1031 699 mansuetudinem,
1082 655 1175 690 tam
1198 644 1372 691 inusita-

118 713 211 749 tam
248 704 577 769 inauditamque
597 708 892 762 clementiam,
933 719 1101 754 tantum
1122 708 1169 753 in
1200 707 1371 754 summa

117 768 323 831 potestate
340 785 483 816 rerum
506 771 709 817 omnium
730 770 929 826 modum,
964 781 1059 817 tam
1096 771 1284 832 denique
1304 769 1371 817 in‘-

117 830 376 878 credibilem
417 833 691 894 sapientiam,
727 849 777 880 ac
816 832 928 896 pene
959 833 1173 889 divinam,
1216 835 1372 880 tacitus

117 893 238 940 nullo
271 896 405 941 modo
427 897 644 957 praeterire
662 898 843 958 poss‘um.
913 898 983 943 M.
1009 898 1129 943 enim
1153 898 1369 944 Marcello

116 957 244 1003 vobis
268 959 314 1003 P.
340 960 391 1005 C.
418 960 566 1021 reique
588 960 693 1022 pub.
717 961 905 1015 reddito,
947 977 1034 1006 non
1054 960 1193 1007 solum
1232 961 1364 1016 illius,

116 1019 187 1067 secl
204 1037 350 1068 meam
373 1023 509 1069 etiam
529 1039 687 1069 vocem
710 1030 751 1070 δε
774 1024 1091 1079 ληὲὶοτὶϊαῖεῐη,
1117 1028 1157 1069 &
1175 1024 1301 1069 vobis
1326 1029 1367 1069 Sc

116 1083 287 1145 reipub.
337 1086 634 1133 conservatam
670 1102 721 1133 ac
763 1088 1000 1133 restitutam
1042 1098 1161 1148 puto.
1233 1087 1369 1132 Dole-

116 1147 222 1193 bam
254 1148 391 1204 enim,
443 1150 492 1195 P.
519 1151 573 1196 C.
610 1165 661 1196 ac
692 1150 975 1196 vehementer
1012 1150 1220 1212 angebar,
1264 1149 1368 1196 cum

116 1210 314 1258 viderem
352 1212 686 1267 virum-talem,
739 1213 814 1275 qui
845 1214 891 1260 in
913 1213 1068 1259 eadem
1090 1211 1215 1259 causa
1250 1213 1364 1268 effet,

115 1273 164 1320 in
186 1291 272 1336 qua
308 1291 395 1338 ego
416 1275 600 1331 fuiffem,
642 1292 731 1322 non
771 1277 818 1322 in
849 1277 1003 1323 eadem
1036 1276 1118 1324 effe
1161 1275 1366 1322 fortuna:

113 1353 194 1384 nec
217 1338 331 1385 mihi
369 1339 620 1401 persuadere
643 1351 858 1401 poteram,
908 1355 988 1386 nec
1025 1339 1089 1384 fas
1125 1339 1207 1385 ess‘e
1242 1338 1368 1384 duce—

113 1399 236 1456 bam,
271 1402 429 1450 versari
462 1419 534 1450 me
557 1403 761 1450 innostro
791 1404 924 1451 veteri
951 1402 1182 1458 curriculo,
1217 1401 1294 1447 illo
1315 1418 1369 1446 ae-

115 1464 237 1509 mulo
258 1476 387 1526 atque
409 1466 629 1512 imitatore
650 1465 905 1521 studiorum,
940 1481 993 1510 ac
1013 1465 1214 1510 laborum
1247 1479 1368 1509 meo-

115 1543 231 1583 rum,
267 1528 386 1589 quafi
409 1528 600 1589 quodam
623 1526 742 1574 socio
764 1525 789 1573 a
811 1545 885 1574 me
911 1532 950 1573 &
969 1528 1130 1573 comite
1152 1527 1365 1572 distrafio.

116 1591 239 1652 Ergo
264 1595 304 1637 δε
322 1591 437 1637 mihi
473 1596 514 1637 δε
533 1607 642 1637 meae
664 1591 852 1652 pristinae
872 1591 975 1636 vitae
997 1589 1365 1645 consuetudinem,

117 1654 171 1699 C.
201 1654 357 1710 Caesar,
397 1655 672 1700 interciusam
713 1654 929 1715 aperuisti,
982 1653 1109 1700 &his
1147 1652 1366 1708 omnibus,

114 1717 172 1762 ad
194 1715 303 1763 bene
325 1719 379 1764 de
396 1718 517 1763 omni
551 1718 702 1779 repub.
740 1718 1017 1778 sperandum,
1054 1716 1172 1777 quafi
1194 1715 1367 1777 fignum

114 1780 293 1842 aliquod
330 1780 537 1827 sustulisti.
605 1780 879 1827 In·telle6tum
901 1780 958 1825 est
987 1780 1108 1825 enim
1125 1778 1239 1825 mihi
1273 1778 1367 1839 qui-

115 1843 217 1889 dem
240 1844 286 1889 in
319 1844 482 1900 multis,
536 1848 577 1890 δε
615 1841 814 1890 maxime
836 1844 883 1888 in
906 1842 1089 1904 meipso,
1145 1841 1215 1888 sed
1237 1840 1368 1902 paulo

114 1904 214 1952 ante
236 1908 457 1962 omnibUS‚
492 1908 596 1954 cum
619 1909 689 1953 M.
721 1907 987 1953 Marcellum
1009 1907 1167 1952 Senatu
1184 1904 1371 1967 populo-

112 1986 197 2031 que
216 1972 349 2016 Rom.
366 1975 405 2015 δι
423 1970 591 2031 reipub.
617 1970 862 2026 conceffisti,
882 1969 1239 2016 commemoratis
1261 1983 1369 2028 prae-

115 2033 260 2078 sertim
284 2033 603 2089 offensionibus,
655 2046 696 2079 te
721 2033 1020 2079 alletoritatem
1054 2031 1179 2091 hujus
1203 2030 1368 2077 ordinis

111 2096 462 2157 dignitatemque
494 2096 663 2157 reipub.
700 2097 783 2142 tuis
806 2096 874 2141 vel
899 2095 1121 2141 doloribus
1147 2094 1216 2139 vel
1240 2093 1377 2156 suspi-·

114 2159 315 2205 <tionibus
354 2159 577 2205 anteferre.
646 2158 728 2204 me
773 2159 954 2220 quidem
997 2157 1185 2203 fruetum
1222 2155 1367 2209 omnis

114 2225 319 2267 anteacta:
341 2223 442 2268 vitae
465 2222 683 2268 hodierno
712 2222 783 2267 die
806 2222 1056 2267 maximum
1097 2221 1245 2281 cepits
1265 2234 1368 2267 cum

114 2283 283 2330 summo
327 2285 528 2331 consensu
571 2286 768 2339 Senatus,
824 2297 918 2330 tum
967 2295 1172 2345 praeterea
1188 2330 1191 2334 ,
1197 2281 1368 2341 judicio
1415 2320 1435 2338 „

121 2360 194 2394 tuo
238 2349 488 2409 gravissimo
513 2353 553 2395 δε
575 2348 789 2395 maximo.
859 2349 928 2394 Ex
968 2363 1054 2410 quo
1075 2343 1368 2452 Pmsffliiin-
1409 2347 1418 2354 ’

1205 2419 1367 2472 tessg-ls
1435 2432 1437 2434 >
