1437 2589
183 108 293 166 162
542 112 1091 175 ORATIO

172 215 326 249 nutam
347 218 437 249 non
467 202 653 251 tulerunt
676 225 685 252 :
726 223 802 252 vos
838 207 976 254 vitam
998 220 1195 270 ereptam
1216 211 1433 276 negligef.⁴

173 265 225 311 tis
251 268 382 328 ?-Jus
412 266 654 327 'legationis
693 270 829 315 verbo
860 270 1072 318 violatum
1096 272 1160 319 illi
1203 272 1435 335 persecuti‘·

170 327 295 375 sunt:
331 346 406 375 vos
438 330 632 390 legatum
671 332 822 394 populi
860 335 1053 381 Romani
1093 337 1214 383 omni
1252 338 1412 400 suppli-

169 392 242 437 cio
278 392 564 449 interfeffiim‚
606 395 791 441 inultum
826 397 1113 460 relinquetis?
1154 401 1315 447 Videte
1336 401 1409 458 ne,

168 467 216 500 ut
253 454 335 501 illis
377 456 721 518 pulcherrimum
755 459 837 505 fuit
873 473 1040 506 tantam
1076 462 1202 509 vobis
1233 464 1407 526 imperij

166 518 359 578 gloriam
381 521 633 581 relinquere,
664 523 721 568 fic
739 522 862 569 vobis
880 523 1165 585 turpiffimum
1182 526 1247 582 fit,
1286 528 1406 586 illud,

164 582 284 643 quod
327 583 560 645 accepisti5‚
623 586 731 630 tueri
778 590 819 631 &
849 588 1111 634 conservare
1139 605 1229 636 non
1271 593 1404 652 posse.

165 646 303 707 Qid,
339 648 457 707 quod
484 646 589 691 salus
607 648 822 694 sociorum
844 648 1064 696 summum
1094 651 1140 698 in
1160 653 1405 714 periculum

163 725 216 754 ac
238 708 470 755 discrimen
506 716 723 758 vocatur?
759 712 920 773 Regno
942 714 1143 775 expulsus
1181 717 1238 762 est
1273 719 1404 765 Ario-

162 771 367 818 barzanes
392 789 486 827 rex,
511 772 649 819 socius
669 775 818 837 populi
843 777 1036 824 Romani
1057 791 1186 839 atque
1208 780 1402 830 amicus:

160 834 397 882 imminent
417 837 504 882 duo
542 852 664 899 reges
702 838 782 885 to‘ti
804 839 934 894 Afiae‚
974 857 1064 888 non
1107 842 1246 889 svium
1275 845 1402 891 vobis

161 898 461 955 inimiciffimi,
496 899 567 945 sed
588 901 722 947 etiam
737 902 880 948 vestris
899 902 1023 950 sociis
1053 918 1180 968 atque
1212 908 1400 954 amicis:

157 963 358 1009 civitates
395 977 543 1010 autem
567 980 732 1020 omneS„
767 968 921 1012 cuneta
951 968 1071 1023 Afia,
1106 983 1234 1032 atque
1273 972 1400 1017 Grae--

157 1026 241 1080 cia,
287 1027 476 1073 vestrum
505 1028 722 1074 auxilium
757 1028 1004 1091 exspeftare
1019 1044 1198 1094 propter
1218 1035 1400 1093 periculi

155 1090 512 1151 magnitudinem
551 1103 802 1153 coguntur:
863 1093 1173 1154 imperatorem
1210 1097 1236 1145 a
1271 1099 1397 1145 vobis

156 1166 326 1200 certum
364 1153 608 1215 deposcere,
648 1156 750 1201 cum
772 1156 1009 1217 praesertim
1046 1174 1124 1204 vos
1151 1159 1283 1207 alium
1313 1162 1397 1208 mi-

153 1217 307 1272 seritis,
346 1234 486 1278 neque
509 1218 685 1273 audent,
717 1235 854 1280 neque
885 1219 925 1265 se
952 1220 998 1265 id
1019 1220 1177 1278 facere,
1225 1224 1396 1272 summo

151 1280 239 1326 fine
262 1281 473 1342 periculo,
512 1282 626 1342 posse
643 1281 924 1329 arbitrantur.
958 1283 1108 1331 vident
1147 1292 1188 1332 &
1210 1289 1396 1336 sentiunt

150 1343 238 1389 hoc
260 1344 393 1399 idem,
428 1345 546 1406 quod
569 1349 610 1390 &
627 1360 721 1401 vos,
765 1362 902 1392 unum
923 1346 1069 1393 virum
1105 1350 1203 1406 effe,
1229 1352 1274 1398 in
1303 1367 1392 1413 quo

149 1406 323 1453 summa
353 1409 435 1453 sint
463 1407 626 1462 omnia,
662 1414 702 1455 δε
732 1425 834 1455 eum
856 1427 991 1472 prope
1013 1414 1109 1469 effe,
1146 1430 1234 1475 quo
1256 1416 1391 1462 etiam

148 1485 296 1517 carent
313 1471 469 1531 aegrius
496 1489 505 1516 ε
547 1471 668 1530 cujus
703 1472 889 1519 adventu
913 1474 1020 1535 ipso,
1046 1488 1175 1538 atque
1191 1479 1387 1535 nomine,

148 1535 316 1580 tametfi
337 1535 408 1580 ille
431 1536 486 1580 ad
522 1534 795 1582 maritimum
817 1537 980 1583 bellum
1014 1540 1194 1596 venerit,
1238 1554 1390 1589 tamen

146 1596 334 1659 impetus
357 1598 544 1644 hostium
578 1599 778 1660 repress'os
801 1601 882 1646 effe
916 1601 1164 1664 intelligunt
1185 1621 1237 1650 ac
1259 1618 1389 1652 retar-

145 1661 283 1706 datos.
353 1661 419 1707 Hi
451 1678 543 1717 voa,
580 1662 791 1724 quoniam
827 1662 964 1710 libere
1006 1666 1125 1728 loqui
1148 1684 1234 1713 non
1265 1669 1383 1724 licet,

144 1722 277 1769 tacite
315 1735 489 1786 rogant,
530 1737 578 1770 ut
600 1725 639 1770 se
658 1742 846 1789 quoque,
872 1728 976 1774 sicut
1012 1741 1264 1776 caeterarum
1287 1747 1386 1793 pro·
1408 1781 1412 1784 ,

144 1787 391 1833 vinciarum
422 1787 574 1843 socios,
603 1789 760 1850 dignos
791 1791 1062 1848 existimetiS,
1100 1810 1288 1855 quorum
1323 1794 1383 1841 sa-

143 1849 282 1896 lutem
324 1851 399 1897 tali
438 1851 534 1896 viro
570 1854 920 1900 commendetis:
959 1867 1088 1916 atque
1125 1858 1210 1903 hoc
1245 1858 1381 1904 etiam

142 1913 287 1975 magis
310 1912 445 1975 quam
482 1925 674 1971 caeteros,
723 1917 839 1977 quod
876 1916 1088 1977 ejusmodi
1121 1920 1167 1965 in
1204 1921 1381 1982 provin-

141 1976 260 2022 ciam
285 1977 485 2023 homines
520 1994 622 2024 cum
644 1980 831 2040 imperio
852 1981 1062 2037 misnnus,
1107 1995 1170 2039 ut,
1210 1985 1379 2031 etiamsi

139 2040 198 2086 ab
214 2040 333 2086 hoste
355 2040 601 2096 defendant,
634 2054 780 2088 tamen
803 2044 996 2105 ipsorum
1013 2046 1219 2093 adventus
1241 2047 1286 2095 in
1309 2064 1380 2094 ur-

139 2104 214 2148 bes
244 2103 462 2150 sociorum
484 2121 572 2149 non
594 2106 782 2152 multum
804 2107 860 2153 ab
883 2108 1023 2156 hostili
1048 2111 1378 2172 expugnatione
1428 2138 1437 2170 3

135 2166 354 2213 differant.
423 2168 559 2212 Hunc
580 2169 814 2215 audiebant
827 2182 968 2226 antea,
992 2187 1106 2218 nunc
1122 2171 1376 2233 praesentem
1431 2180 1437 2233 ζ

96 2229 303 2284 ,,ν]”ἀεητ,
348 2230 469 2275 tanta
511 2233 815 2292 temperantia,
867 2235 989 2280 tanta
1031 2235 1368 2293 mansuetudine,
1424 2257 1437 2304 ,ᾖ

136 2292 258 2338 tanta
294 2293 584 2348 humanitate,
632 2307 680 2342 ut
710 2295 739 2354 ij
765 2295 990 2345 beatiffirni
1023 2298 1104 2344 effe
1125 2298 1370 2355 videantur,
1424 2312 1431 2324 ⁴

136 2355 255 2415 apud
276 2371 382 2417 quos
419 2356 490 2402 ille
516 2357 746 2405 diutissime
766 2372 1077 2406 commoratur.
1147 2362 1312 2424 Qare,
1337 2362 1392 2409 fiv
1429 2379 1437 2400 ;

135 2430 313 2481 propter
342 2419 495 2477 soci05,
533 2420 654 2468 nulla
681 2422 761 2485 ipsi
795 2423 952 2484 injuria
974 2423 1165 2482 lacessiti,
1183 2425 1370 2535 majofies·

1245 2503 1299 2535 ve
1334 2503 1372 2533 n
1436 2514 1437 2518 =
