1437 2589
296 62 894 120 InCAT1L1NAM
943 60 1019 118 II.
1224 78 1298 137 79

60 166 134 199 me
165 149 368 214 spoliatus
399 152 532 198 armis
552 152 759 205 audaciae‚
792 166 882 196 non
919 148 1229 212 obstupefactus
1251 167 1305 196 ac

61 216 307 275 perterritus
335 215 436 261 mea
456 214 704 276 diligentia,
756 230 845 259 non
865 213 919 259 de
952 213 1025 274 spe
1062 211 1306 275 conatuque

59 277 275 338 depulsus,
323 277 395 322 sed
429 277 718 331 indemnatuS,
772 277 978 323 innocens
1023 276 1069 321 in
1105 275 1321 322 exsilium>

59 339 216 398 ejectus
253 338 280 385 ὲ
323 340 524 395 Consule,
570 341 617 384 vi
662 344 702 384 &
741 339 873 385 minis
914 339 995 385 effe
1027 338 1228 384 dicetur:
1263 344 1307 385 δε

59 414 200 457 erunt,
234 402 309 464 qui
345 402 488 457 illum,
523 401 555 447 si
593 403 679 448 hoc
710 400 876 456 fecerit,
916 418 1005 447 non
1033 401 1306 462 improbum,

59 462 134 510 sed
149 462 382 516 miserum3
418 480 489 510 me
518 481 608 511 non
643 464 1019 526 diligentiffimum
1054 464 1306 520 Consulem,

61 525 136 572 sed
178 527 512 573 crudelissimum
554 529 819 588 Tyrannum
865 527 1105 572 existimari
1152 527 1305 573 velint.

62 589 135 634 Est
149 590 262 636 mihi
286 591 409 645 tanti,
447 591 658 653 Qirites,
693 589 820 649 hujus
841 590 1022 635 invidiae
1042 589 1157 634 falsae
1179 601 1309 651 atque

62 651 222 713 iniquae
245 654 542 714 tempestatem
563 653 720 707 subire,
736 653 977 699 dummodo
995 650 1021 698 a
1035 652 1160 698 vobis
1179 653 1307 712 hujus

61 715 285 762 horribilis
320 716 424 762 belli
464 732 515 761 ac
568 716 720 774 nefarij
765 717 1009 776 periculum
1050 715 1306 777 depellatur.

63 778 252 824 Dicatur
288 776 386 824 sane
416 779 573 837 ejectus
595 780 675 824 effe
698 778 724 824 a
745 796 834 833 me,
874 778 1116 825 dummodo
1152 790 1223 825 eat
1260 780 1311 826 in

61 840 275 886 exsilium.
313 840 398 896 sed,
431 841 546 887 mihi
568 841 743 897 credite,
782 858 870 887 non
885 843 942 887 est
961 843 1110 888 ituruS.
1180 842 1309 889 Nun-

60 920 195 964 quam
216 919 301 965 ego
316 902 342 950 ἐι
361 904 444 949 diis
461 905 783 950 immortalibus
800 905 978 966 optabo,
998 905 1208 968 QiriteS,
1243 905 1310 951 in-

61 966 193 1012 ·-Jidiae
214 983 321 1012 meae
341 967 536 1012 levandae
568 967 710 1022 causa,
732 979 792 1018 ,ut
812 970 865 1013 L.
894 968 1135 1014 Catilinam
1152 968 1310 1015 ducere

62 1029 303 1076 exercitum
338 1030 544 1084 hostium,
580 1043 706 1092 atque
730 1031 775 1075 in
809 1031 939 1075 armis
956 1032 1138 1077 volitare
1161 1032 1309 1077 audia-

62 1091 144 1136 tis:
179 1091 250 1137 sed
286 1093 430 1139 triduo
467 1104 616 1138 tamen
659 1093 873 1138 audietis:
915 1094 1308 1156 mult6que‘magis

63 1154 168 1200 illud
206 1155 357 1210 timeo,
408 1152 461 1200 ne
497 1156 608 1200 mihi
653 1156 703 1201 sit
745 1156 1009 1202 invidiosum
1052 1158 1308 1219 aliquande,

62 1216 177 1278 quenl
200 1218 324 1263 illum
346 1218 566 1264 emiserim
606 1219 765 1279 Ροτὶὺε,
792 1217 924 1280 quam
947 1219 1064 1281 qubd
1084 1221 1305 1280 ejecerim.

4 1298 9 1305 ·
61 1280 146 1325 Sed
166 1280 268 1326 cum
290 1281 370 1326 sint
408 1281 625 1336 homines,
676 1283 749 1342 qui
776 1282 917 1337 illum,
957 1284 1059 1329 cum
1092 1284 1307 1344 proleffilus

63 1341 127 1397 fit,
161 1343 346 1403 ejectum
366 1344 446 1389 esse
467 1344 644 1394 dicant;
689 1344 842 1400 iidem,
878 1346 909 1390 ss
925 1346 1168 1392 interfectus
1190 1348 1305 1402 effer,

60 1405 168 1466 quid
187 1406 411 1452 dicerent?
437 1408 703 1469 Qanquam
723 1407 806 1462 isti,
825 1409 900 1468 qui
925 1409 1164 1455 Catilinam
1188 1412 1308 1455 Mas-

61 1468 202 1514 filiam
219 1469 281 1514 ire
315 1469 529 1525 dictitant,
565 1482 760 1515 nontam
778 1471 862 1516 hoc
887 1484 1136 1532 queruntur,
1171 1472 1306 1535 quam

61 1544 274 1578 verentur.
341 1532 493 1577 Nemo
514 1532 572 1577 est
594 1533 769 1578 istorum
803 1546 894 1579 tam
932 1534 1193 1590 misericors,
1230 1536 1308 1598 qui
1379 1584 1383 1585 ⁷

62 1593 187 1639 illum
210 1611 297 1640 non
330 1595 386 1640 ad
421 1596 662 1651 Manlium,
697 1593 831 1657 quam
852 1597 907 1642 acl
944 1599 1220 1644 lvlaffdienses
1244 1602 1309 1645 ire

62 1657 202 1702 malit.
269 1657 351 1703 Ille
372 1670 533 1712 autem,
568 1659 601 1709 si
624 1660 906 1715 mehercules,
932 1661 1035 1716 hoc,
1057 1662 1173 1723 quod
1194 1664 1306 1723 agit,

62 1735 284 1781 nunquam
322 1718 420 1766 ante
455 1722 693 1782 cogitasset,
729 1733 876 1767 tamen
913 1724 1245 1771 latrocinantem
1267 1726 1308 1772 se

65 1783 245 1828 interfici
269 1784 433 1838 mallet,
469 1783 602 1845 quam
634 1785 825 1830 exsulem
847 1786 1010 1832 vivere.
1047 1803 1160 1833 nunc
1184 1804 1305 1843 vero,

63 1845 164 1890 cum
181 1847 221 1890 ei
246 1845 357 1891 nihil
379 1847 520 1891 adhuc
544 1860 696 1907 praeter
718 1847 846 1908 ipfius
877 1850 1147 1896 voluntatem
1185 1853 1308 1914 cogi·

63 1907 358 1970 tationemque
381 1910 602 1965 acciderit,
649 1910 731 1954 nisi
753 1911 870 1971 quod
886 1912 998 1957 vivis
1017 1913 1141 1959 nobis
1159 1915 1309 1961 Roma

63 1970 276 2032 profectus
300 1973 387 2022 est3
424 1984 621 2032 optemus
643 1973 805 2033 potius,
827 1986 873 2018 ut
904 1987 974 2021 eat
1004 1975 1050 2021 in
1086 1977 1306 2033 exsilium,

63 2032 197 2095 quam
213 2050 458 2096 queramur.
525 2036 610 2080 Sed
630 2051 706 2080 cur
729 2037 896 2081 tamdiu
917 2038 970 2082 de
992 2053 1079 2083 uno
1096 2039 1213 2086 hoste
1245 2041 1308 2087 lo-

63 2097 254 2158 quimur,
275 2102 315 2143 δε
338 2098 398 2148 de,
412 2113 464 2142 eo
486 2098 619 2153 hoste,
656 2098 730 2160 qui
745 2098 842 2157 jam
875 2100 1046 2156 fatetur,
1067 2101 1107 2147 se
1127 2104 1208 2148 effe
1230 2104 1310 2149 ho-

65 2160 184 2215 stem,
217 2164 257 2206 Sc
281 2176 428 2223 quern,
480 2162 598 2222 quia,
647 2163 763 2222 quod
779 2163 947 2224 semper
986 2165 1127 2220 volui,
1162 2183 1309 2212 murus

65 2222 250 2278 interest,
285 2239 374 2268 non
395 2223 530 2269 timeo
549 2242 562 2275 3
597 2223 650 2269 de
690 2224 773 2279 his,
809 2228 884 2286 qui
924 2225 1197 2285 diffimulant,
1228 2230 1311 2290 qui

66 2285 223 2331 Romae
256 2299 492 2340 remanent,
545 2287 618 2348 qui
663 2288 889 2341 nobissjcum
924 2289 1032 2345 sunt,
1069 2292 1181 2336 nihil
1203 2292 1312 2337 dici·

65 2352 192 2394 mus?
228 2364 333 2409 quos
363 2349 539 2410 quidem
563 2351 842 2459 egobfissuno
875 2353 1007 2398 modo
1043 2354 1133 2399 fieri
1161 2355 1309 2416 posset,

1222 2434 1313 2464 non
