1437 2589
158 129 274 187 Pro
306 119 1078 184 T.ANN10M11„0NE.
1172 139 1283 198 199

51 221 262 282 judicare,
298 219 405 281 quin
426 217 549 264 simul
562 214 778 276 judicetis,
813 212 1033 267 omnibus,
1069 211 1208 273 quiin
1230 212 1290 255 la·

57 298 201 331 trones
225 283 472 336 inciderint,
517 292 589 325 aut
611 278 786 325 illorum
807 277 919 331 telis,
947 288 1021 321 aut
1041 275 1185 321 vestris
1204 275 1295 319 sen-

56 348 202 395 tentiis
219 347 300 407 effe
323 344 607 408 pereundum.
676 340 810 404 Qod
826 340 859 385 fi
880 337 942 385 ita
958 338 1164 400 putfiffet3
1202 353 1294 382 cer-

2 439 6 443 ,
58 408 101 456 te
115 411 352 473 optabilius
370 407 533 456 Miloni
556 404 654 459 fuit,
692 405 794 449 dare
812 403 1018 464 jugulum
1042 403 1089 446 P.
1112 400 1290 456 Clodio,

32 481 148 521 'non
169 474 299 520 semel
321 472 377 518 ab
406 470 498 525 illo,
529 484 668 530 neque
702 478 797 513 tum
837 466 1033 527 primum
1064 465 1254 525 petitum
1277 480 1294 514 3

58 536 192 598 quem
209 535 400 597 jugulari
423 532 449 580 zi
464 532 606 586 vobis,
641 531 744 592 quia
760 529 799 575 se
817 529 983 574 illinon
1002 527 1296 588 jugulandum

58 600 309 645 tradidiss'et.
378 597 456 643 Sin
473 596 558 641 hoc
577 610 708 640 nemo
731 593 919 638 vestrum
934 590 995 636 ita
1012 591 1136 636 sentit
1153 608 1167 641 ;
1187 589 1297 634 illud

52 662 149 722 jam
172 662 218 707 in
252 660 468 723 judicium
505 657 640 711 venit,
689 672 793 710 non,
831 652 1046 700 occisusne
1074 654 1139 709 fit,
1175 652 1295 714 quod

60 727 277 776 fatemur;
314 724 385 769 sed
403 724 513 784 jure,
550 737 607 766 an
632 719 794 779 injuria
813 736 826 769 ;
851 718 970 779 quod
991 717 1135 763 multis
1169 727 1297 762 antea

60 790 108 835 in
130 788 264 834 causis
297 787 394 847 jam
430 784 655 847 quaesitum
691 784 762 828 est.
829 781 1010 827 Insidias
1048 780 1178 826 saclas
1216 779 1297 824 effe

62 854 250 898 constat:
287 857 329 897 δε
350 851 484 904 idest,
525 847 644 909 quod
675 849 854 892 Senatus
871 855 1023 890 contra
1053 842 1300 904 rempubli-

63 931 167 961 cam
189 915 352 960 fafium
374 913 456 958 esse
473 910 719 971 judicavit:
754 908 811 954 ab
841 919 936 952 utro
959 907 1081 951 facstae
1097 906 1194 960 sint,
1232 905 1297 950 in-

64 991 233 1025 certum
254 977 342 1023 est:
377 976 431 1021 de
469 976 556 1020 hoc
576 973 710 1035 igitur
747 972 883 1016 latum
911 970 985 1024 est,
1020 981 1066 1015 ut
1088 982 1298 1031 quaerere-

63 1054 146 1087 tur.
216 1038 287 1086 Ιῑὲ
315 1044 356 1086 &
379 1041 556 1086 Senatus
579 1051 688 1090 rem,
713 1049 803 1079 non
827 1034 1072 1086 hominem,
1092 1032 1291 1082 notavit3

62 1110 104 1149 δε
128 1102 360 1165 Pompeius
379 1102 434 1147 de
452 1101 564 1160 jure,
588 1114 677 1144 non
705 1097 760 1142 de
782 1097 911 1150 faCto‚
936 1097 1213 1157 quaestionem
1233 1106 1301 1140 tu·

61 1168 126 1212 lit.
175 1167 326 1213 .Num
364 1165 471 1225 quid
512 1163 648 1223 igitur
682 1160 801 1206 aliud
827 1160 871 1204 in
906 1158 1122 1218 judicium
1159 1157 1295 1212 venit,

62 1229 142 1276 nisi
175 1241 270 1285 uter
293 1229 373 1274 utri
413 1226 587 1273 infidias
621 1223 809 1270 fecerit?
844 1221 1035 1283 profecffi
1058 1220 1183 1266 nihil.
1250 1220 1308 1266 Si.

63 1294 139 1339 hic
178 1292 259 1349 illi,
296 1305 343 1337 ut
379 1288 433 1336 ne
471 1290 521 1335 fit
560 1291 766 1350 impune:
802 1285 833 1330 fi
871 1285 946 1330 ille
960 1285 1078 1339 huic,
1103 1297 1198 1332 turn
1219 1299 1309 1328 nos*

63 1357 219 1402 scelere
256 1356 486 1400 solvamur.
557 1354 768 1413 Quonam
805 1348 940 1409 igitur
968 1349 1095 1408 pac'to
1117 1346 1310 1408 probari

64 1422 213 1481 potest,
256 1417 427 1463 insidias
453 1415 616 1462 Miloni
657 1413 798 1458 fecisse
816 1411 1062 1457 Clodium?
1097 1410 1208 1456 Satis
1242 1410 1307 1455 est

64 1482 259 1544 quidem,
305 1482 349 1525 in
389 1479 466 1525 illa
495 1492 586 1523 tam
621 1476 791 1528 audaci,
826 1472 1100 1519 tamnefaria
1129 1473 1290 1527 bellua,

64 1548 236 1600 docere,
262 1558 472 1605 magnam
495 1542 532 1586 ei
557 1539 972 1598 caulhm,1naguam
995 1536 1114 1598 spem
1137 1537 1182 1581 in
1199 1536 1293 1580 Mi-

65 1608 177 1655 lonis
212 1620 350 1654 morte
394 1604 676 1666 propositam,
719 1616 900 1661 magnas
925 1599 1129 1645 utilitates
1156 1599 1294 1644 fuiffe.

68 1673 223 1733 Itaque
247 1671 352 1715 illud
369 1669 631 1720 Caffiannm,
660 1667 742 1710 Cui
763 1664 1021 1725 bonofuerit,
1047 1663 1092 1707 in
1114 1662 1183 1707 his
1207 1677 1310 1722 per--

69 1733 180 1780 sonis
201 1735 357 1779 valeat.
392 1732 467 1778 etsi
490 1729 598 1777 boni
618 1729 736 1774 nullo
756 1728 1053 1773 emolumento
1074 1725 1304 1788 impellun-

69 1810 136 1844 tur
157 1800 202 1842 in
219 1796 434 1851 fraudem,
470 1793 662 1855 improbi
681 1792 788 1853 saepe
811 1805 964 1851 parvo.
1032 1789 1189 1850 Atqui,
1208 1787 1302 1833 Mi-

66 1860 420 1912 loueinterfeclo,
458 1857 636 1903 Clodius
653 1856 739 1900 hoc
756 1853 1064 1915 assequebatur,
1098 1868 1187 1897 non
1209 1867 1302 1896 mo-

67 1924 125 1970 do
147 1937 192 1970 ut
213 1924 375 1969 Praetor
395 1922 499 1967 effet
515 1937 603 1966 non
623 1935 677 1966 eo
692 1915 894 1971 Consule,
929 1932 1016 1978 quo
1039 1916 1205 1962 sceleris
1235 1914 1297 1959 ni-

69 1987 134 2033 hil
172 1987 313 2033 facere
346 1985 508 2047 posset:
544 1983 615 2028 sed
648 1982 799 2036 ctiam,
850 1991 912 2035 ut,
947 1980 1016 2024 his
1047 1977 1304 2027 Confiilibus

71 2051 235 2098 Praetor
255 2049 369 2104 esset,
405 2047 560 2109 quibus
583 2046 615 2092 si
637 2062 727 2092 non
748 2043 1070 2103 adjuvantibus,
1092 2054 1136 2088 at
1157 2040 1305 2086 conrii·

71 2113 271 2159 ventibus
308 2108 439 2168 certe,
463 2108 662 2172 speriiffet
685 2108 724 2153 se
742 2108 854 2169 poss'e
876 2105 1197 2168 rempublicam
1218 2104 1306 2149 elu-

70 2176 172 2223 dere
193 2176 240 2221 in
264 2174 348 2220 illis
371 2174 451 2220 suis
474 2173 680 2234 cogitatis
697 2170 927 2217 furoribus.
1001 2169 1135 2227 Cujus
1154 2166 1218 2212 illi
1236 2182 1309 2211 co-

72 2250 265 2295 natus,ut
284 2237 353 2283 ille
375 2236 732 2290 ratiocinabatur,
743 2249 839 2289 nee,
856 2233 890 2278 fi
909 2232 1090 2294 possent,
1102 2229 1311 2290 reprime·

73 2318 122 2351 ne
144 2312 364 2363 cuperent,
400 2301 501 2346 cum
523 2311 692 2346 tantum
714 2297 974 2344 beneficium
1005 2296 1046 2340 ei
1085 2294 1126 2339 se
1147 2294 1311 2338 debere

72 2364 420 2414 arbitrarentur3
459 2368 516 2420 8τ,
554 2363 584 2408 si
620 2362 799 2416 vellent,
850 2359 1018 2404 fortasse
1042 2357 1121 2402 vix
1147 2355 1314 2416 poffent

74 2428 276 2493 frangere
305 2427 500 2474 hominis
541 2418 1306 2534 sceletaliisgmiaeorroboratamjtam

777 2518 780 2523 ,
1104 2486 1220 2530 vetui
1241 2493 1321 2528 ate
