1437 2589
137 98 255 155 226
477 95 1020 158 ORATIO

131 187 266 234 Milo.
333 189 405 235 Te
439 188 633 250 quidem,
663 190 779 251 quod
799 191 878 237 isto
898 192 1048 238 animo
1059 207 1122 248 es,
1144 191 1240 239 satis
1261 193 1351 240 lau-

59 286 70 289 2
128 250 231 296 dare
252 267 338 297 non
361 252 561 312 possum:
596 252 666 298 sed
688 253 775 314 quo
809 255 868 299 est
909 255 985 300 illa
1021 255 1164 317 magis
1199 255 1351 303 divina

127 315 281 368 virtus,
316 313 368 359 εό
390 314 554 373 majore
576 311 602 359 ὲ
618 327 660 360 te
676 315 826 361 dolore
843 316 1041 362 divellor.
1110 319 1159 364 N
1162 334 1213 364 ec
1228 319 1348 374 νει-ὀ,

127 375 158 420 fi
199 376 312 420 mihi
346 377 542 438 eriperiS,
573 377 737 438 reliqua
764 378 822 423 est
849 379 926 424 illa
960 392 1107 426 tamen
1126 381 1183 426 ad
1203 382 1351 429 conso-

127 438 309 484 landum
337 440 526 500 querela,
579 452 625 484 ut
661 441 736 486 his
763 440 888 487 irasci
929 443 1097 503 possim,
1130 441 1158 488 ὲ
1193 446 1349 504 quibus

124 511 296 546 tantum
317 502 469 547 vulnus
493 518 712 562 accepero.
741 519 828 548 non
850 506 971 550 enim
993 505 1162 551 inimici
1184 507 1273 552 mei
1303 517 1348 554 te

123 564 239 609 mihi
279 564 480 625 eripient,
547 563 620 610 sed
661 565 931 613 amiciffimi:
986 583 1077 613 non
1113 566 1230 614 male
1270 570 1349 615 ali-

122 627 298 687 quando
319 627 373 672 de
411 643 481 672 me
504 628 667 683 meriti,
707 627 777 674 sed
798 627 965 690 semper
981 628 1163 690 optime.
1231 633 1348 678 Nul-

123 688 215 734 lum
238 705 447 750 unquam,
480 690 660 749 judiees,
685 689 798 736 mihi
828 703 999 737 tantum
1031 693 1228 739 dolorem
1250 695 1346 740 inu-

120 752 223 798 retis
270 752 359 813 (etfi
405 753 498 813 quis
539 753 676 813 potest
726 753 806 798 esse
838 766 978 800 tantus
1003 759 1036 815 ἓ)
1059 754 1132 802 sed
1152 773 1206 803 ne
1224 758 1344 804 hunc

119 815 299 875 quidem
338 814 493 875 ipsum,
530 828 577 861 ut
617 816 849 862 obliviscar
889 819 1040 878 quanti
1076 834 1148 864 me
1176 820 1344 881 semper

119 878 341 928 feceriti53
378 893 473 938 qua:
508 877 539 923 fi
574 894 652 922 vos
680 878 798 940 cepit
827 880 1015 935 oblivio,
1053 893 1126 926 aut
1147 881 1178 927 fi
1201 882 1249 927 in
1268 899 1342 929 me

118 939 284 1001 aliquid
315 940 564 993 offendistis,
620 956 697 985 cur
725 957 812 986 non
847 943 891 988 id
915 941 1015 989 meo
1037 943 1178 1004 capite
1199 945 1342 1004 potihs

117 1001 398 1063 luitur,qu?1m
422 1003 632 1048 Milonis?
651 1001 858 1049 Praeclare
873 1005 1171 1061 enimvixero‚
1188 1008 1218 1052 fi
1236 1008 1343 1068 quid

117 1065 230 1110 mini
255 1066 460 1110 acciderit
472 1064 742 1126 priiisffluasstm
761 1068 846 1112 hoc
867 1079 1032 1113 tantum
1055 1068 1161 1114 mali
1176 1070 1340 1116 videro.

117 1127 166 1173 N
170 1142 254 1172 unc
268 1144 338 1172 me
362 1143 445 1172 una
465 1127 702 1173 consol-§.tio
721 1129 931 1185 sustentat,
955 1131 1069 1192 quod
1086 1131 1184 1186 tibi,
1209 1134 1254 1177 O
1276 1136 1335 1179 T.

113 1190 250 1244 Anni,
273 1190 435 1235 nullum
452 1188 476 1235 a
494 1205 564 1235 me
597 1192 773 1246 amoris,
807 1193 972 1238 nullum
1004 1194 1149 1249 studii,
1172 1194 1338 1243 nullum

113 1252 286 1313 pietatis
300 1253 494 1298 officium
511 1252 659 1298 defuit.
699 1255 798 1316 Ego
814 1255 1065 1300 inimicitias
1087 1258 1334 1316 potentium.

113 1330 194 1375 pro
217 1324 260 1359 te
282 1315 478 1375 appetivi
504 1333 514 1364 :
554 1331 640 1376 ego
662 1332 810 1362 meum
831 1317 940 1378 saepe
960 1333 1116 1378 corpus
1139 1323 1180 1364 δε
1197 1319 1337 1367 vitam

113 1377 257 1436 objeci
284 1378 416 1422 armis
448 1377 729 1423 inimicorum
764 1391 965 1425 tuorum:
1001 1395 1086 1442 ego
1109 1397 1180 1426 me
1200 1382 1337 1442 pluri-

114 1441 199 1485 mia
222 1456 302 1500 pro
324 1453 365 1486 te
387 1439 626 1501 supplicem
646 1438 787 1499 abjeci
806 1460 815 1486 ι
853 1443 983 1496 bona,
1007 1443 1195 1489 fortunas
1213 1460 1334 1491 meas

110 1518 164 1547 ac
189 1503 425 1548 liberorum
458 1518 655 1548 meorum
693 1504 736 1552 in
766 1505 1122 1551 communionem
1159 1518 1330 1553 tuorum

109 1577 359 1625 temporum
393 1566 558 1610 centul-i
581 1582 592 1611 z
627 1565 713 1612 hoc
735 1566 920 1628 denique
957 1567 1050 1629 ipso
1071 1568 1158 1623 die,
1192 1570 1224 1615 fi
1246 1585 1333 1631 qua

107 1627 173 1672 vis
209 1629 267 1673 est
304 1640 468 1688 parata,
505 1628 538 1673 fi
574 1644 661 1690 qua
692 1629 921 1676 dimicatio
969 1630 1122 1691 capitis
1169 1631 1334 1688 futura,

107 1689 307 1752 deposco.
376 1691 496 1751 Qid
517 1693 610 1750 jam
632 1692 755 1737 restat
779 1697 794 1739 ?
828 1694 934 1754 quid
955 1693 1099 1738 habeo
1122 1694 1238 1754 quod
1265 1695 1331 1741 di-

110 1768 227 1807 cam,
267 1753 384 1813 quod
417 1753 577 1799 faciam
601 1769 682 1814 pro
702 1755 783 1801 tuis
805 1757 852 1802 in
882 1772 952 1801 me
969 1755 1150 1811 meritis,
1189 1757 1331 1805 nifiut

106 1829 207 1860 eam
237 1816 474 1870 fortunam,
524 1832 788 1878 quaeeunque
817 1819 901 1864 erit
921 1831 1009 1873 tua,
1045 1819 1201 1864 ducam
1237 1837 1329 1867 me-

106 1882 221 1923 am?
259 1878 367 1923 Non
403 1877 565 1932 recuso,
598 1895 684 1925 non
715 1884 884 1927 abnuo:
940 1881 1098 1942 vosque
1134 1883 1330 1939 obsecro,

103 1940 289 1999 judiees,
329 1951 376 1985 ut
402 1942 538 1985 ves'ra
557 1945 779 1997 beneficia,
805 1959 901 2005 quae
922 1946 967 1990 in
985 1960 1056 1989 me
1072 1945 1329 2002 contulistis,

106 2014 183 2048 aut
220 2004 265 2047 in
288 2002 412 2061 hujus
441 2003 571 2048 solute
610 2007 822 2066 augeam,
861 2018 935 2052 aut
968 2007 1156 2064 ejusdem
1184 2009 1332 2054 exitio

104 2065 306 2111 occasura
327 2065 406 2109 effe
427 2065 625 2113 videatiss.
688 2068 776 2112 His
797 2068 1000 2128 lacrymis
1018 2085 1105 2114 non
1127 2083 1334 2117 movetur

105 2127 224 2173 Miz-0
248 2144 258 2173 z
293 2131 349 2170 επὶ
373 2128 561 2187 ‹ir-,odam
583 2128 825 2175 incredibili
842 2131 998 2176 robore
1018 2131 1169 2177 ani-mi.
1235 2134 1328 2179 Ex·

104 2189 247 2235 filium
271 2189 328 2234 {iu
352 2192 426 2235 <sse
450 2202 583 2251 putat,
608 2192 681 2237 ubi
699 2193 847 2239 virtuti
869 2211 954 2239 non
973 2195 1022 2240 §sit
1044 2195 1182 2240 locus:
1209 2212 1324 2244 mor·

104 2264 195 2296 tem
218 2268 380 2297 nituiae
415 2253 545 2299 finem
573 2254 669 2309 effe,
701 2271 788 2300 non
827 2273 1018 2316 pomam.
1085 2256 1150 2303 Sit
1171 2257 1248 2302 hic
1267 2273 1323 2304 ea
1362 2298 1365 2301 .

105 2326 271 2371 mente,
311 2314 402 2379 qua.
432 2329 555 2364 natus
581 2312 668 2365 est.
700 2318 844 2382 quid?
892 2334 970 2368 vos
1005 2319 1189 2382 judices,
1232 2335 1361 2380 quon.
1409 2318 1413 2323 ’

1143 2381 1323 2432 tandem
