2912 4368
1519 1003 1589 1061 72
1855 987 2401 1044 ORATIO

1513 1078 1627 1123 vivis
1666 1076 1857 1138 reliquis,
1910 1077 2193 1138 ingravescet.
2264 1080 2427 1138 Quare,
2478 1078 2524 1125 P.
2561 1080 2613 1125 C.
2651 1078 2763 1125 sece-
2816 1094 2824 1102 ⁸
2882 1098 2886 1111 ·

1512 1143 1619 1187 dant
1641 1141 1851 1202 improbi,
1890 1140 2107 1187 secernant
2130 1142 2168 1186 se
2186 1139 2212 1187 a
2228 1142 2370 1197 bonis,
2405 1146 2538 1187 un'um
2555 1142 2600 1187 in
2616 1141 2763 1188 locum

1512 1215 1866 1267 congregentur3
1902 1220 2028 1250 muro
2050 1205 2250 1267 denique,
2306 1207 2353 1251 id
2380 1206 2495 1267 quod
2532 1205 2640 1266 saepe
2665 1206 2762 1265 jam
2814 1217 2817 1223 ’

1512 1269 1625 1324 dixi,
1660 1268 1930 1314 secernantur
1951 1266 1976 1314 a
1996 1268 2152 1314 nobis:
2187 1269 2379 1314 desinant
2416 1269 2607 1315 insidiari
2638 1268 2762 1314 dorni
2814 1265 2815 1269 ¹

1513 1332 1595 1379 suae
1620 1331 1812 1387 Consuli,
1852 1332 2123 1378 circumstare
2152 1332 2341 1378 tribunal
2371 1333 2565 1379 Praetoris
2588 1331 2759 1386 urbani,
2812 1346 2827 1366 -·

1513 1396 1708 1442 obsidere
1731 1411 1831 1440 cum
1849 1395 2006 1457 gladiis
2036 1395 2218 1451 curiam,
2252 1396 2473 1441 malleolos
2498 1401 2538 1440 δε
2556 1395 2686 1450 faceS,
2707 1395 2762 1441 ad
2815 1448 2817 1451 ,
2872 1415 2876 1444 ε

1511 1460 1830 1507 incendendam
1863 1460 2032 1514 urbem,
2070 1475 2357 1520 comparare:
2393 1460 2443 1505 fit
2477 1459 2662 1520 denique
2696 1458 2762 1503 in-
2810 1462 2811 1507 j
2871 1511 2873 1517 Α

2621 1522 2635 1544 J

1511 1523 1719 1584 scriptum
1754 1523 1801 1567 in
1822 1522 1961 1568 fronte
1979 1521 2300 1583 uniuscujulque
2323 1523 2448 1575 civis,
2484 1522 2589 1582 quid
2611 1538 2663 1567 ue
2696 1537 2761 1566 re·
2868 1561 2872 1565 Α

1511 1587 1632 1650 publ.
1669 1585 1832 1632 sentiat.
1902 1586 2115 1632 Polliceor
2137 1586 2261 1631 vobis
2283 1587 2384 1640 hoc,
2425 1587 2470 1630 P.
2500 1587 2551 1631 C.
2593 1597 2760 1630 tantam
2813 1591 2816 1597 ’

1511 1652 1560 1697 in
1577 1650 1701 1696 nobis
1726 1650 1887 1696 COSS.
1923 1649 2014 1695 fore
2037 1649 2329 1711 diligentiam,
2370 1661 2535 1695 tantam
2558 1649 2604 1694 in
2634 1648 2759 1694 vobis
2810 1644 2824 1693 s:
2869 1646 2891 1712 ,

1510 1714 1826 1769 auctoritatem,
1856 1723 2021 1759 tantam
2060 1713 2106 1758 in
2142 1713 2356 1774 equitibus
2400 1713 2591 1758 Roman.
2629 1712 2761 1757 virtu·
2810 1711 2819 1738 '³
2858 1708 2868 1737 ¹¹
2891 1737 2900 1756 ·.

1512 1790 1618 1832 tem,
1659 1787 1825 1823 tantam
1857 1778 1904 1822 in
1928 1776 2128 1847 omnibus
2163 1776 2288 1822 bonis
2326 1776 2661 1831 consensionem,
2715 1786 2762 1822 ut

1513 1841 1718 1889 Catilinae
1758 1841 2025 1902 profec'tione
2062 1840 2212 1885 omnia
2255 1840 2485 1901 patefaGta,
2539 1839 2757 1894 illustrata,
2817 1859 2821 1865 ·
2855 1854 2867 1886 ἴ

1510 1905 1720 1967 oppressa,
1755 1904 1979 1950 vindicata
2013 1904 2093 1950 effe
2120 1903 2319 1957 videatis,
2352 1903 2486 1950 Hisce
2522 1903 2758 1957 ominibus,
2814 1907 2817 1910 ’

1514 1969 1723 2023 Catilina,
1756 1984 1858 2012 cum
1881 1966 2049 2014 summa
2077 1966 2260 2028 reipubl,
2285 1966 2430 2022 salute,
2478 1972 2518 2012 <Sc
2554 1983 2655 2012 cum
2685 1977 2759 2011 tua

1509 2033 1624 2094 peste
1639 2047 1688 2077 ac
1711 2031 1920 2093 pernicie,
1963 2031 2148 2092 cumque
2169 2048 2319 2076 eorum
2341 2030 2494 2086 exitio,
2529 2030 2602 2091 qui
2639 2028 2678 2074 se
2701 2040 2761 2074 te·
2806 2072 2809 2076 ,

1510 2112 1616 2143 cum
1636 2095 1758 2141 omni
1801 2094 1954 2140 scelere
1977 2094 2302 2156 parricidioque
2314 2094 2563 2154 junxerunt,
2589 2093 2759 2154 profici-

1510 2159 1625 2205 scere
1648 2159 1703 2205 ad
1739 2158 1932 2219 impium
1953 2157 2131 2210 bellum,
2167 2174 2217 2204 ac
2239 2157 2467 2207 nefarium.
2535 2157 2656 2202 Tum
2693 2167 2755 2210 tu,

1511 2223 1697 2285 Jupiter,
1732 2222 1806 2284 qui
1829 2221 1997 2276 iisdem,
2032 2221 2186 2283 quibus
2224 2222 2317 2266 haec
2339 2222 2453 2276 urbS,
2499 2218 2699 2282 auspiciis
2733 2216 2758 2265 ὲ

1511 2286 1706 2333 Romulo
1744 2302 1786 2332 es
1819 2286 2081 2339 constitutu5‚
2118 2302 2248 2346 quem
2264 2287 2476 2330 Statorem
2494 2283 2617 2342 hujus
2640 2282 2758 2328 urbis

1509 2362 1639 2412 atque
1654 2349 1828 2411 imperij
1845 2346 1948 2394 vere
1965 2349 2257 2404 nominamus,
2292 2348 2407 2393 hunc
2424 2352 2463 2392 &
2481 2347 2604 2406 hujus
2621 2345 2756 2391 socios

1511 2411 1540 2459 a
1560 2415 1644 2459 tuis
1663 2414 1746 2459 aris
1769 2411 2012 2473 caeterisque
2035 2413 2225 2474 templis,
2262 2409 2287 2456 a
2302 2412 2423 2457 tectis
2441 2410 2558 2455 urbis
2582 2425 2631 2456 ac
2650 2425 2757 2455 moe-

1511 2477 1655 2532 nibuS,
1690 2474 1720 2522 a
1737 2477 1829 2522 vita
1850 2475 2109 2537 fortunisque
2139 2476 2305 2522 civium
2327 2475 2526 2520 omnium
2548 2473 2714 2518 arcebis
2740 2489 2754 2523 3

1512 2546 1554 2587 δι
1570 2556 1719 2586 omnes
1742 2539 1945 2585 inimicos
1962 2538 2193 2594 bonorum,
2213 2538 2348 2584 hostes
2371 2538 2536 2600 patriae,
2571 2537 2755 2582 latrones

1512 2604 1667 2658 Italiae,
1703 2602 1908 2650 scelerum
1930 2602 2090 2648 foedere
2109 2602 2218 2648 inter
2234 2601 2274 2647 se
2296 2617 2346 2648 ac
2364 2601 2531 2647 nefaria
2553 2599 2755 2646 societate

1510 2667 1775 2726 conjunctos,
1810 2666 1975 2714 aeternis
1997 2665 2216 2729 suppliciis
2233 2666 2357 2711 vivos
2373 2663 2646 2726 mortuosque
2664 2679 2756 2710 ma-

1511 2730 1662 2777 efflabis.
