1437 2589
103 103 223 146 220
527 44 1001 152 OR'ATIO

98 174 285 232 luerunt,
321 179 363 224 &
384 178 509 226 nobis
534 180 616 226 suis
637 180 812 243 posteris
833 181 1124 244 prodiderunt.
1191 182 1278 238 Est,
1298 179 1358 229 est
1394 195 1398 197 ’

97 239 295 298 profecto
326 239 403 287 illa
428 242 493 287 vis
517 259 528 287 :
562 259 703 305 neque
745 245 792 289 in
825 244 895 289 his
923 244 1196 305 corporibuS,
1230 257 1359 306 atque

94 299 147 346 in
177 301 262 348 hac
282 303 586 351 imbecillitate
604 306 746 352 nostra
765 306 872 352 inest
904 307 1115 368 quiddam
1146 308 1263 368 quod
1291 307 1358 352 vi·

93 374 215 423 geat,
252 369 294 411 &
328 367 494 423 sentiat,
531 372 573 414 &
609 373 698 414 n'on
719 368 824 414 inest
852 369 900 414 in
934 368 1021 414 hoc
1043 380 1164 415 tanto
1190 380 1358 416 naturae

93 435 187 471 tam
209 429 417 488 praeclaro
438 440 587 476 motu:
621 431 832 477 nififorte
853 429 1016 477 idcirco
1037 431 1117 477 ess‘e
1160 447 1249 477 non
1278 447 1357 491 pu·

89 498 203 545 tant,
239 490 344 551 quia
363 508 450 539 non
479 505 675 554 apparet,
708 508 790 539 nec
810 492 1026 540 cernitur:
1049 493 1234 554 proinde
1255 506 1359 555 qua²
1385 503 1389 506 ’

91 547 127 596 fi
149 552 335 599 nostram
354 553 493 615 ipsam
536 567 743 610 mentem,
786 556 873 617 qua
915 555 1119 616 sapimus,
1153 557 1241 618 qua
1258 572 1355 616 pro·

92 612 308 671 videmus,
343 617 431 678 qua
465 617 561 664 haec
582 617 674 678 ipsa
695 616 868 678 agimus
890 633 942 663 ac
963 618 1165 673 dicimus,
1190 618 1353 675 videre,

90 688 168 722 aut
185 676 318 738 plane
339 679 494 739 qualis,
528 690 604 725 aut
626 680 702 725 ubi
724 681 790 735 fit,
821 680 976 726 sentire
1007 681 1221 740 poflimus.
1289 681 1357 726 Ea

88 737 174 792 vis,
209 755 261 784 ea
281 741 341 786 est
374 741 513 802 igitur
542 741 651 803 ipsa,
686 758 781 803 quae
806 741 915 802 saepe
948 741 1221 788 incredibiles
1250 742 1352 789 huic

89 800 189 849 urbi
210 801 452 859 felicitates,
491 815 622 865 atque
643 815 755 865 opes·
767 805 941 851 attulit:
990 821 1088 865 quae
1116 804 1236 850 illam
1259 821 1354 865 per-

87 863 250 909 niciem
271 865 481 912 exstinxit
514 882 565 912 ac
602 866 790 913 sustulit:
824 867 895 913 cui
936 867 1131 927 primum
1159 879 1353 913 mentem

85 924 253 985 injecit,
287 938 335 973 ut
355 928 402 974 vi
419 928 590 975 irritare
618 929 817 990 ferroque
850 929 1047 975 laceffere
1079 929 1353 975 fortisfimum

87 987 235 1034 virum
258 990 448 1046 auderet,
482 990 812 1052 vincereturque
833 992 890 1037 ab
911 1006 980 1046 eo,
1014 1007 1146 1052 quem
1174 992 1207 1037 fi
1227 990 1354 1037 vicis-

81 1047 160 1104 set,
196 1052 421 1100 habiturus
457 1054 557 1100 effet
589 1054 897 1115 impunitatem
927 1057 968 1099 &
999 1053 1223 1100 licentiam
1245 1052 1356 1101 sem-

83 1113 320 1173 piternam.
387 1116 499 1161 Non
531 1116 589 1161 est
609 1117 802 1162 humano
823 1115 1017 1170 consilio,
1053 1132 1109 1162 ne
1138 1116 1351 1162 mediocri

58 1175 282 1235 -quidem,
299 1177 484 1238 judiceS‚
519 1178 700 1225 deorum
721 1177 1038 1226 immortalium
1059 1180 1164 1226 cura
1187 1194 1253 1224 res
1275 1177 1352 1224 illa

83 1238 301 1297 perfecta:
342 1239 592 1301 religiones,
641 1241 905 1296 mehercule,
941 1238 1060 1300 ipsae,
1097 1256 1193 1301 quae
1226 1240 1350 1287 illam

81 1299 274 1347 belluam
297 1302 449 1347 cadere
471 1302 973 1357 viderunt‚commoviffe
995 1301 1035 1347 se
1058 1302 1276 1356 videntur,
1305 1307 1347 1348 δε

75 1360 145 1420 jus
181 1363 229 1408 in
263 1363 339 1411 illo
361 1362 483 1409 suum
505 1364 733 1411 retinuiffe.
786 1366 882 1411 Vos
904 1364 1024 1409 enim
1047 1363 1159 1423 jam,
1183 1364 1348 1410 Albani

79 1425 235 1470 tumuli
260 1437 388 1487 atque
409 1426 512 1480 luci,
547 1442 641 1482 vos,
672 1426 868 1488 inquam,
893 1426 1105 1486 implor0,
1125 1438 1252 1486 atque
1270 1425 1348 1471 ob-

77 1487 219 1541 testor,
254 1488 412 1548 vosque
431 1488 707 1533 Albanorum
727 1489 893 1534 obrutae
914 1503 1015 1542 arae,
1039 1487 1256 1533 sacrorum
1271 1504 1347 1548 po·

77 1549 171 1607 puli
204 1550 394 1595 Romani
417 1549 559 1605 sociae,
585 1554 624 1595 &
647 1551 844 1611 aequaleS,
884 1566 989 1610 quas
1010 1549 1081 1594 ille
1098 1565 1286 1609 praeceps
1304 1565 1348 1595 a-

80 1612 260 1665 mentia,
296 1612 411 1657 caefis
448 1612 746 1673 prostratisque
780 1612 1042 1657 sanctiflimis
1090 1612 1213 1666 luciS,
1252 1612 1346 1658 sub-

72 1673 350 1719 structionum
372 1674 528 1719 insanis
550 1674 736 1719 molibus
757 1674 1043 1735 oppresserat:
1085 1674 1231 1719 vestrae
1250 1686 1346 1720 tum

75 1751 176 1789 arae,
212 1737 357 1780 vesti-:e
392 1737 624 1796 religiones
647 1737 894 1797 viguerunt,
929 1736 1066 1780 vestra
1102 1736 1166 1780 vis
1188 1736 1342 1790 valuit,

76 1813 211 1858 quam
235 1798 308 1844 iile
330 1799 452 1843 omni
475 1800 629 1844 scelere
646 1800 885 1858 polluerat:
932 1809 1062 1858 tuque
1084 1813 1139 1843 ex
1163 1810 1236 1843 tuo
1254 1798 1346 1843 edi-

72 1871 120 1905 to
144 1873 306 1915 monte,
343 1860 544 1914 Latiaris,
578 1861 718 1906 sancte
756 1860 938 1921 Jupiter,
975 1860 1092 1919 cujus
1115 1858 1185 1904 ille
1208 1861 1341 1915 lacus,

72 1938 270 1977 nemora,
306 1923 489 1983 finesque
513 1922 622 1983 saepe
644 1924 766 1969 omni
786 1921 951 1967 nefario
972 1922 1114 1982 stupro
1132 1926 1172 1967 &
1190 1921 1351 1971 scelere¹
1373 1966 1376 1969 ,

73 1985 329 2040 macularat,
364 1985 596 2046 aliquando
624 1987 678 2030 ad
708 2001 808 2030 eum
845 1983 1109 2045 puniendum
1132 1984 1277 2028 oculos
1300 1999 1345 2029 ει-

71 2048 245 2107 peruisti
267 2065 277 2091 :
310 2048 435 2092 vobis
458 2048 556 2099 illae,
593 2048 715 2093 vobis
748 2047 884 2092 vestro
911 2047 956 2090 in
977 2047 1204 2109 conspefiiu
1224 2045 1339 2101 serae,

69 2111 143 2156 sed
158 2110 278 2167 justae
295 2121 442 2155 tamen
466 2113 507 2154 δε
529 2110 687 2155 debitae
718 2124 860 2170 poenae
895 2108 1040 2153 solutae
1063 2107 1172 2154 sunt.
1237 2108 1340 2154 Nifi

68 2171 181 2219 forte
199 2172 284 2217 hoc
304 2173 439 2217 etiam
461 2171 559 2216 casu
581 2172 740 2216 fafitum
758 2172 837 2216 effe
855 2170 1065 2224 dicemus„
1089 2182 1136 2214 ut
1156 2181 1254 2215 ante
1273 2170 1341 2229 ip·

69 2233 163 2279 sum
186 2233 418 2279 sacrarium
436 2235 568 2281 Bonae
584 2235 690 2288 deae,
727 2233 843 2293 quod
869 2233 925 2278 est
944 2233 986 2277 in
1006 2232 1140 2276 fundo
1155 2235 1214 2278 T.
1233 2233 1352 2277 Sex-.

68 2296 120 2343 tii
158 2296 299 2353 Galli,
335 2296 380 2342 in
407 2296 566 2363 'primis
610 2296 776 2342 honesti
814 2300 853 2341 δι
885 2295 1025 2340 ornati
1044 2292 1335 2346 adolescentis,
1348 2315 1371 2361 2-

1236 2366 1335 2407 ante
1422 2368 1437 2420 2-
