1437 2589
190 87 1015 152 ProT.A‘NN10M11,0N
1043 110 1096 147 E.
1188 107 1310 169 227

90 183 267 229 tandem
297 183 444 229 animo
466 181 612 227 eritis?
648 181 911 227 memoriam
944 179 1127 225 Milonis
1157 181 1312 226 retine

89 246 207 301 bitis,
243 245 386 306 ipsum
407 243 619 304 ejicietis?
655 249 695 289 δε
717 245 799 288 erit
820 242 995 313 dignior
1018 243 1170 288 locus
1159 259 1205 287 in
1227 254 1310 287 ter

88 308 146 353 ris
167 308 291 363 ullus,
341 309 416 368 qui
455 307 569 352 hanc
595 307 801 351 virtutem
828 305 1036 365 excipiat,
1077 320 1209 365 quam
1233 305 1309 350 hic

88 369 165 441 qui
187 370 463 432 procreavit.
453 373 468 404 ³
504 370 550 415 V
552 384 614 423 05,
639 384 715 413 vos
746 368 933 429 appello,
971 367 1183 412 fortissimi
1206 367 1265 411 vi·
1267 368 1308 422 i,

88 432 164 495 qui
203 434 390 478 multum
411 447 491 493 pro
527 431 752 492 republica
793 431 1049 492 sanguinem
1076 429 1309 479 effudistis;

90 511 166 541 vos
189 496 235 541 in
249 495 330 541 viri
353 495 422 541 &
411 511 456 540 in
479 494 587 539 civis
602 494 755 539 invicti
779 493 952 554 appello
965 492 1175 554 periculo,
1211 507 1310 537 cen-

91 556 295 613 turiones,
329 559 504 628 vosque·
519 557 714 602 milites.
747 556 872 601 vobis
910 572 996 601 non
1020 555 1152 601 modo
1174 553 1310 616 inspe

90 621 320 675 &antibus,
357 619 429 666 sed
448 619 583 665 etiam
611 619 804 674 armatiS,
840 623 881 665 &
901 618 1004 664 huic
1015 617 1183 677 judicio
1204 634 1312 679 pra:—

91 682 340 738 sidentibus,
388 683 481 728 haec
513 693 636 728 tanta
667 683 799 727 virtus
815 697 870 727 ex
893 682 976 727 hac
1001 680 1105 726 urbe
1126 679 1316 742 expelle

90 757 183 792 tur.
173 750 188 781 ³
222 745 612 799 exterminabitur?
645 744 921 805 projicietur?
957 744 983 791 ὃ
999 759 1068 789 me
1084 743 1312 790 miserum
1304 745 1315 777 ¹

91 809 120 854 ὂ
143 824 213 853 me
234 808 477 854 infelicem!
515 823 588 853 rev
590 823 716 853 ocare
753 819 800 852 tu
817 823 889 852 me
912 806 957 852 in
979 806 1182 868 patriam,
1219 807 1313 852 Mi-

91 869 151 926 lo,
187 871 358 932 potuisti
385 887 462 932 per
494 867 610 915 hos:
643 885 728 932 ego
750 882 792 916 te
822 870 866 914 in
888 871 1028 931 patria
1044 885 1121 930 per
1141 867 1313 915 eosdem

94 935 279 979 retinere
302 949 390 979 non
407 943 587 994 potero
578 936 593 967 ³
628 932 751 994 Qid
769 931 1032 992 respondebo
1054 931 1201 977 liber-is
1223 948 1313 977 me·

92 995 144 1051 is,
180 997 255 1056 qui
272 1008 313 1041 te
328 1006 550 1056 parentem
566 995 748 1040 alterum
770 1006 950 1057 putant.
941 997 955 1029 ³
990 993 1095 1056 quid
1111 994 1210 1048 tibi,
1248 995 1322 1058 Q

94 1059 256 1114 Frater,
281 1058 355 1119 qui
378 1073 492 1102 nunc
508 1057 624 1117 abes„
663 1057 848 1103 consorti
870 1072 1044 1103 mecum
1066 1069 1314 1117 temporum

95 1118 301 1167 illorum³
339 1137 410 1166 me
449 1136 539 1165 non
580 1120 759 1180 potuiffe
780 1120 966 1176 Milonis
998 1119 1175 1164 salutem
1198 1119 1313 1164 tueri

93 1198 171 1244 per
190 1183 378 1237 eosdem,
413 1198 491 1243 per
515 1197 621 1243 quos
639 1183 828 1227 nostram
846 1182 916 1228 ille
931 1182 1153 1228 servaffet
1142 1185 1156 1216 ³
1202 1192 1246 1226 at
1268 1182 1316 1226 in

92 1261 181 1321 qua
210 1261 338 1290 causa
366 1262 454 1290 non
491 1245 711 1306 potuisse?
735 1261 839 1306 quae
870 1245 929 1291 est
950 1254 1077 1305 grata
1094 1245 1306 1305 gentibus

91 1305 120 1355 ὲ
160 1308 312 1368 quibus
351 1323 439 1354 non
474 1307 683 1367 potuiffe³
718 1308 772 1353 ab
802 1307 869 1362 iis,
919 1306 994 1366 qui
1030 1306 1224 1351 maxime
1260 1306 1310 1351 Ρ

94 1370 240 1417 Clodii
267 1381 406 1415 morte
441 1369 874 1440 acquierunt.Q10
895 1369 1184 1429 deprecante³
1222 1383 1321 1414 me

94 1433 330 1505 Qodnam
351 1446 440 1492 ego
473 1432 651 1492 concepi
676 1443 845 1477 tantum
875 1431 1061 1478 lecelus?
1098 1443 1171 1476 aut
1199 1432 1318 1492 quod

91 1496 138 1541 in
173 1511 244 1540 me
278 1506 447 1540 tantum
475 1493 639 1539 facinus
678 1494 848 1550 admifi,
889 1493 982 1553 judi
971 1510 1072 1549 ices,
1107 1509 1207 1538 cum
1241 1493 1319 1539 illa

93 1556 257 1603 indicia
278 1557 522 1602 communis
556 1557 684 1603 exitii
714 1556 940 1618 indagavi,
982 1556 1181 1617 patefeci,
1217 1572 1316 1617 pro·

91 1620 184 1674 tuli,
219 1620 432 1666 exstinxi?
482 1635 631 1665 omnes
664 1620 710 1664 in
749 1636 820 1665 me
857 1619 1058 1680 meosque
1080 1619 1317 1666 redundant

91 1699 148 1728 ex
172 1683 290 1728 fonte
314 1683 388 1727 illo
410 1681 595 1727 dolores.
630 1682 751 1743 Qid
774 1698 844 1727 me
863 1682 1060 1727 reducem
1083 1681 1163 1726 effe
1193 1681 1316 1727 volu:

92 1746 213 1791 istis.
204 1749 218 1778 ³
253 1761 308 1790 an
341 1757 402 1799 ut,
436 1743 694 1804 inspeclante
714 1761 806 1799 me,
821 1744 1162 1806 expellerentur
1152 1759 1201 1798 11
1241 1759 1321 1805 per

90 1823 196 1868 quos
226 1809 355 1853 essem
392 1806 599 1852 restitutus
624 1811 639 1853 ?
677 1808 846 1863 Nolite,
887 1808 959 1852 ob
952 1822 1061 1852 ecro
1096 1821 1189 1860 vos,
1226 1806 1319 1867 pati
1350 1836 1358 1842 -

91 1885 155 1917 mi
160 1871 207 1915 hi
230 1870 499 1916 acerbiorem
522 1869 708 1915 reditum
729 1872 826 1925 effe,
857 1886 988 1931 quam
1014 1868 1144 1914 fuerit
1160 1867 1265 1913 ille
1254 1884 1319 1929 lp-

91 1932 134 1978 se
154 1934 198 1978 di
203 1933 361 1978 sceffus.
428 1933 553 1977 Nam
579 1932 657 1993 qui
692 1934 858 1993 poffum
893 1945 1043 1992 putare
1065 1946 1136 1976 me
1159 1931 1320 1976 restitu-

91 2006 186 2042 tum
213 1995 310 2050 esse,
346 1994 610 2040 fidistrahor
652 1994 709 2039 ab
753 1996 822 2050 iis,
858 2011 934 2056 per
967 2009 1076 2055 quos
1112 1994 1320 2039 restitutus

91 2057 222 2104 sum.
212 2060 229 2093 ³
264 2057 452 2104 Utinam
486 2057 548 2102 dii
571 2057 840 2102 immortales
869 2057 1059 2103 feciffent
1083 2059 1203 2129 (pace
1227 2068 1320 2109 tua,

92 2121 253 2182 patria,
291 2119 511 2165 dixerim:
558 2132 707 2165 metuo
727 2121 846 2165 enim
871 2136 924 2165 ne
956 2116 1155 2164 scelerate
1173 2118 1325 2162 dicam

92 2183 139 2230 in
159 2194 215 2238 te,
260 2183 382 2242 quod
413 2197 493 2243 pro
518 2181 566 2226 Μ
574 2181 688 2227 ilone
718 2182 864 2227 dicam
888 2179 978 2242 pie)
999 2190 1045 2224 ut
1063 2181 1112 2226 P.
1139 2179 1322 2224 Clodius

93 2259 181 2291 non
217 2244 350 2290 modo
401 2245 590 2298 viveret,
634 2244 703 2289 sed
739 2246 874 2290 etiam
913 2245 1023 2289 lrae
1016 2259 1090 2296 or,
1142 2241 1319 2294 Consul,

94 2307 296 2359 Dictator
315 2307 414 2357 effet
437 2307 594 2371 potius,
631 2321 770 2371 quam
787 2309 872 2356 hoc
896 2304 1180 2369 spectaculum
1201 2302 1325 2411 1{ride-

1223 2380 1319 2411 eim
