1437 2589
345 63 835 121 PH1L1PPICA
886 65 963 122 ΙΙ.
1181 86 1285 141 131

4 175 22 215 ᾖ
61 154 271 203 ferentem
301 172 522 219 nunquam
564 156 643 201 sim
680 157 944 216 adhortatu&
981 176 1230 221 quanquam
1269 164 1302 210 fi

10 242 12 245 ·
63 221 111 266 in
141 236 194 266 eo
225 219 538 280 perseveraffes,
571 220 626 265 ad
668 234 787 265 tuam
825 221 1015 282 gloriam
1052 241 1144 270 rem
1180 225 1302 273 illam

11 285 16 293 ’
62 284 210 330 referri
225 283 462 337 malebam,
487 299 621 344 quam
643 283 698 328 ad
728 300 874 329 meam
897 287 1102 346 gratiam.
1173 290 1303 351 Qlae·

7 372 12 378 ·
62 348 200 392 stores
224 347 373 392 faetus.
400 345 576 393 Deinde
599 346 805 392 continuo
817 347 902 393 sine
916 351 1302 408 Senatui’coniultm

62 410 148 455 sine
181 410 305 464 sorte,
347 410 433 456 sine
466 410 564 470 lege
609 409 662 454 ad
711 410 927 457 Caesarem
971 415 1206 459 cucurristi.
1255 417 1303 461 id

7 518 10 524 ,
60 474 181 519 enim
198 489 332 518 unum
355 475 402 519 in
418 474 539 518 terris
553 473 767 534 egestatis,
803 475 896 520 aeris
915 476 1305 535 alieni‚nequitiae,

62 537 239 599 perditis
260 537 363 582 vitae
404 536 642 581 rationibus
691 536 938 598 perfugium
976 541 1057 585 effe
1096 535 1305 588 ducebas„

61 600 134 647 Ibi
166 612 207 646 te
245 599 348 646 cum
386 605 426 645 δε
450 599 563 645 illius
587 599 908 661 largitionibus,
948 608 989 648 &
1028 603 1110 648 tuis
1134 606 1306 666 rapinis.

62 664 315 725 expleviffes
356 663 402 724 (fi
425 663 511 709 hoc
544 664 603 708 est
623 663 819 724 explere,
851 666 968 726 quod
1006 667 1147 712 statim
1170 668 1304 714 effim-

63 726 153 787 das)
187 727 363 773 advolas
385 742 516 788 egens
539 726 596 772 ad
617 727 929 784 Tribunatum,
974 741 1021 774 ut
1058 731 1103 776 in
1136 747 1190 777 eo
1212 748 1303 778 ma-

64 791 259 852 gistratu,
296 790 501 852 sipoffes,
548 790 633 836 viri
655 791 714 835 tui
739 790 890 835 similis
919 793 1033 838 ess'eS.
1103 795 1304 857 Accipite

63 870 196 909 nunc,
230 855 387 915 quaeso,
425 870 515 899 non
551 870 619 908 ea,
664 870 758 915 quae
795 855 954 915 ipsein
992 855 1048 911 se,
1088 870 1216 920 atque
1255 859 1304 906 in

63 917 348 963 domesticum
385 916 566 962 dedecus
618 917 791 978 impure
841 933 970 979 atque
1011 919 1304 982 intemperan-

65 992 145 1035 ter,
182 979 253 1026 sed
275 996 371 1042 quae
397 980 444 1024 in
477 996 553 1025 nos
579 979 853 1042 fortunasque
874 983 1048 1038 nosti-25,
1082 984 1127 1029 id
1149 985 1221 1039 est,
1256 986 1304 1031 in

63 1043 309 1090 universam
352 1043 671 1105 rempublicam
710 1042 849 1106 impie
887 1061 938 1090 ac
991 1045 1155 1092 nefarie
1193 1048 1304 1093 fece-

64 1109 135 1152 rit.
205 1107 281 1152 Ab
325 1106 453 1166 hujus
486 1106 608 1152 enim
646 1107 802 1153 scelere
851 1109 1051 1155 omnium
1084 1112 1306 1164 malorum

63 1170 335 1233 principium
356 1182 508 1216 natum
538 1170 776 1231 reperietis.
844 1172 893 1218 N
898 1189 970 1218 am
992 1172 1094 1218 cum
1113 1175 1163 1219 L.
1192 1175 1304 1220 Len-

65 1234 172 1290 tulo,
210 1235 264 1280 C.
306 1233 524 1280 Marcello
564 1233 838 1288 Conlulibu8‚
873 1235 1084 1282 Kalendis
1123 1238 1301 1298 januar.

63 1298 287 1344 labentem
313 1302 353 1343 &
383 1312 520 1359 prope
558 1297 785 1344 cadentem
819 1300 1018 1360 rempub.
1059 1299 1210 1346 fulcire
1233 1318 1305 1347 cu-

65 1361 239 1422 peretiS,
283 1361 447 1422 ipfique
488 1362 540 1406 C.
584 1361 759 1417 Caesari,
799 1361 832 1408 fi
874 1361 974 1407 saniz
1012 1375 1156 1409 mente
1185 1366 1308 1421 effer,

65 1423 285 1470 consulere
303 1424 468 1470 velletis
492 1440 506 1474 3
558 1436 651 1469 tum
673 1425 743 1470 iste
767 1425 994 1471 venditum
1031 1438 1160 1487 atque
1181 1445 1304 1473 man-

66 1488 264 1550 cipatum
280 1488 578 1533 Tribunatum
596 1488 780 1533 consiliis
804 1489 949 1534 vestris
979 1491 1195 1551 opposuit,
1214 1508 1303 1537 cer-

66 1551 266 1613 vicesque
287 1551 378 1597 suas
409 1551 451 1596 ei
493 1550 673 1610 subjecit
694 1551 845 1608 securi,
889 1551 976 1613 quii
996 1554 1122 1599 multi
1161 1555 1304 1600 mino-

67 1614 186 1660 ribus
214 1615 261 1660 in
302 1613 490 1676 peccatis
527 1614 789 1661 occiderunt.
858 1617 912 1662 In
950 1629 992 1660 te
1024 1629 1186 1672 autem,
1229 1618 1307 1665 M..

69 1678 253 1732 Antoni,
290 1678 336 1723 id
358 1678 551 1724 decrevit
571 1679 765 1733 SenatuS,
792 1684 831 1724 δε
855 1678 1034 1740 quidem
1049 1681 1300 1737 incolumis,

70 1741 267 1788 nondum
295 1754 360 1788 tot
379 1740 616 1787 luminibus
651 1741 884 1797 εκίὶὶῃέὶὶε,
920 1743 1038 1803 quod
1062 1744 1106 1789 in
1135 1744 1308 1793 hostem·

68 1816 270 1868 togatum
285 1805 456 1850 decerni
478 1805 536 1849 est
557 1803 731 1850 solitum
753 1821 875 1851 more
904 1805 1137 1865 majorum.
1180 1811 1220 1852 Sc
1256 1819 1302 1853 tu

69 1868 185 1930 apud
207 1869 352 1914 Patres
375 1866 652 1929 conscriptos
675 1881 826 1914 contra
844 1885 915 1915 me
939 1870 1082 1916 dicere
1105 1871 1223 1916 ausus
1240 1887 1301 1926 es,

67 1933 172 1978 cum
189 1931 246 1977 ab
281 1932 368 1978 hoc
400 1931 551 1977 ordine
573 1946 658 1992 ego
681 1932 954 1978 conservator
973 1934 1117 1988 essem,
1155 1946 1207 1979 tu·
1223 1935 1303 1979 ho=

69 1995 138 2040 stis
161 1995 329 2056 reipub.
362 1994 616 2054 judicatus?
670 1995 1050 2041 Commemoratio
1086 1997 1199 2041 illius
1238 1997 1301 2047 tuj

69 2056 233 2104 sceleris
251 2058 488 2104 intermissh
502 2058 575 2112 est,
615 2074 705 2103 non
728 2059 943 2104 memoria
964 2059 1117 2105 deleta.
1175 2061 1308 2121 Dum:

70 2135 205 2182 genus
223 2121 472 2176 hominum,
512 2120 617 2166 dum
639 2122 1008 2182 populi‹Romani
1046 2139 1209 2168 nomen
1225 2138 1301 2169 ex-

71 2184 198 2230 stabit
237 2185 368 2246 (quod
400 2184 578 2246 quidem
601 2185 698 2240 erit,
734 2185 765 2229 fi
788 2201 866 2246 per
893 2198 934 2230 te
966 2185 1153 2241 licuerit,
1194 2185 1302 2239 sem-

5 2299 31 2304 ..
70 2248 303 2309 piternum)
337 2260 409 2294 tua
445 2247 520 2293 illa
549 2248 746 2307 pestifera
783 2248 1017 2294 interceffio
1051 2249 1304 2294 nominabi-

71 2321 153 2356 tur.
221 2311 344 2373 Qid
366 2311 519 2372 cupide
554 2309 581 2357 ὲ
612 2313 782 2365 Senatu,
819 2312 925 2372 quid
959 2324 1121 2357 temere
1152 2312 1303 2365 fiebat,

73 2374 177 2423 cum
197 2385 243 2425 tu
273 2390 378 2424 unus
415 2373 654 2425 adeleicens
673 2374 920 2424 universum
940 2374 1139 2424 ordinem
1155 2374 1301 2419 decer-

1197 2451 1301 2484 nere
