1437 2589
175 128 291 172 100
541 118 1092 181 ORATIO·

167 203 424 254 Consulatus
462 210 549 257 mei
586 211 644 270 dij
680 211 946 260 immortales
984 217 1064 262 ess'e
1085 215 1327 273 voluerunt,
1372 229 1418 266 ut

162 280 259 338 vos,-
293 269 340 313 P.
369 271 422 316 C.
447 274 744 336 populumque
768 277 1021 324 Romanurn
1042 295 1096 324 ex
1114 279 1230 326 caede
1246 281 1414 336 misera,

159 344 368 394 conjuges
385 334 629 398 liberosque
645 339 818 395 vestros,
849 340 1123 403 virginesque
1145 344 1337 390 Vestales
1359 360 1420 390 ex

79 441 92 443 „
158 393 429 445 acerbiffima
469 401 744 452 vexatione3
805 406 983 464 templa,
1037 418 1170 467 atque
1217 407 1412 464 delubra,

157 454 274 528 hanc
316 462 658 522 pulcherrimam
690 467 878 526 patriam
908 468 1106 515 omnium
1129 471 1321 516 nostrum
1355 487 1411 517 ex

155 518 386 590 foedissima
406 525 587 574 flamma
610 545 624 579 3
669 539 806 574 totam
829 531 1006 577 Italiam
1038 548 1094 577 ex
1126 532 1241 578 bello
1265 539 1306 579 &
1337 549 1413 580 va·

154 582 294 631 stitate
312 588 529 650 eriperem
553 609 567 642 3
612 607 876 653 quaecunque
899 594 1013 641 mihi
1036 595 1112 640 uni
1142 609 1411 658 proponetur

151 645 341 706 fortuna,
390 652 600 700 subeatur.
668 655 844 702 Etenim
874 657 904 702 fi
948 658 995 703 P.
1034 657 1243 704 Lentulus
1287 659 1408 707 suum

154 725 330 768 nomen,
365 715 560 763 inductus
579 714 605 763 ὲ
620 718 809 774 vatibuS,
845 720 973 766 fatale
996 722 1052 768 ad
1069 718 1410 782 perniciem'rei-

151 773 272 832 publ.
309 777 401 823 fore
419 780 617 840 putavit3
652 796 727 826 cur
746 797 833 844 ego
862 799 949 829 non
971 783 1105 840 laeter,
1142 801 1289 831 meum
1304 802 1407 832 con-

149 835 336 890 sulatum
351 842 407 888 ad
423 842 601 889 salutem
623 844 792 906 reipub.
830 847 1156 908 propefatalem
1171 849 1404 896 exstitisse?

150 901 313 963 Qare,
351 905 398 949 P.
427 906 479 952 C.
520 905 726 953 consulite
758 909 901 964 vobis,
954 911 1184 971 prospicite
1220 912 1420 972 patriae3:

145 964 394 1014 conservate
429 985 523 1025 vos,
557 971 779 1032 conjuges,
814 972 989 1027 liberm,
1023 973 1295 1036 fortunasque
1331 992 1402 1021 ve-

145 1028 279 1075 stras:
330 1033 482 1092 popuii
521 1034 714 1080 Romani
748 1051 924 1092 nomen,
959 1032 1230 1099 salutemque*
1255 1037 1402 1084 defen÷

143 1091 268 1138 dite:
304 1095 419 1140 mihi
454 1112 646 1158 parcere,
682 1114 732 1144 ac
768 1098 821 1144 de
853 1115 926 1144 me
970 1100 1166 1160 cogitare
1203 1100 1395 1148 definite.

143 1154 272 1202 Nam
289 1157 481 1218 prizniim
495 1159 634 1206 debeo
655 1160 836 1221 sperare,
873 1177 1024 1208 omnes
1046 1163 1165 1220 deos,
1199 1164 1274 1224 qui
1291 1164 1400 1212 huic

141 1218 240 1265 urbi
278 1221 517 1282 praesident,
554 1239 634 1284 pro
656 1240 709 1269 eo
741 1224 855 1270 mihi
889 1240 939 1270 ac
969 1241 1153 1281 mereor,
1189 1226 1396 1274 relaturos

139 1282 330 1342 gratiam
361 1286 456 1332 effe.
492 1286 647 1332 deinde
676 1288 708 1333 si
745 1286 852 1349 quid
882 1287 1107 1350 obtigerit,
1141 1305 1266 1351 aequo
1302 1291 1400 1336 ani-

77 1396 80 1397 7
137 1361 214 1390 mo
229 1348 469 1410 parato'que
499 1350 676 1396 moriar.
720 1369 842 1412 neque
863 1354 968 1396 enim
991 1355 1122 1412 turpis
1144 1371 1250 1397 mors
1273 1355 1394 1414 forti

135 1411 237 1455 ‘viro
259 1415 386 1474 potest
406 1415 605 1469 accidere,
645 1431 767 1475 neque
787 1418 1021 1460 immatura
1045 1416 1280 1475 Confidam-i,
1322 1433 1391 1462 nec

134 1473 290 1533 misera
295 1478 494 1536 sapienti.
563 1477 665 1524 Nec
696 1489 841 1523 tamen
878 1493 964 1538 ego
1002 1476 1094 1523 sum
1117 1478 1190 1523 ille
1211 1478 1386 1534 ferreus,

133 1537 206 1596 qui
231 1536 372 1584 fratris
394 1539 594 1586 cariffimi
617 1552 742 1601 atque
759 1541 1030 1586 amantiffimi
1046 1541 1261 1602 praesentis
1279 1557 1387 1587 moe-

131 1616 227 1645 rore
259 1618 346 1648 non
368 1619 564 1658 movear,
598 1602 844 1666 horumque
866 1603 1065 1649 omnium
1086 1604 1342 1664 lachryini5‚
1359 1602 1386 1650 a

129 1663 288 1724 quibus
331 1682 404 1713 me
454 1666 771 1713 circumsessum
813 1667 1006 1717 videtis,·
1055 1683 1194 1727 neque
1238 1683 1385 1714 meam

129 1739 323 1774 mentem
341 1746 430 1775 non
450 1731 630 1776 domum
661 1729 768 1791 saepe
790 1743 964 1775 revocat
979 1731 1231 1775 exanimata
1254 1747 1379 1787 uxor,

126 1791 298 1850 abjecta
330 1806 449 1838 metu
485 1794 590 1848 filia,
629 1797 668 1838 &
692 1793 892 1854 parvulus
932 1793 1078 1843 filius3
1114 1809 1244 1853 quem
1266 1794 1378 1839 mihi

127 1854 296 1900 videtur
318 1856 521 1917 ampleffl
546 1856 785 1917 respublica
814 1869 1021 1917 tanquam
1045 1856 1239 1902 obfidem
1264 1858 1380 1902 Con-

123 1915 280 1964 sulatfis
313 1921 430 1965 mci:
466 1935 605 1980 neque
634 1920 725 1974 ille,
761 1920 833 1981 qui
869 1918 1115 1980 exspec‘tans
1139 1919 1264 1978 hujus
1287 1921 1379 1964 exi-

123 1991 218 2027 tum
251 1981 355 2037 diei,
379 1983 511 2028 adstat
532 1985 575 2029 in
598 1985 826 2044 conspeftu
847 1998 946 2027 meo
970 1997 1116 2044 gener.
1185 1982 1377 2028 Moveor

120 2044 188 2089 his
206 2044 329 2091 rebus
353 2047 569 2101 omnibus,
615 2046 747 2092 sedin
764 2061 864 2090 eam
886 2059 1069 2105 partem,
1110 2055 1156 2090 ut
1176 2045 1279 2089 salvi
1296 2045 1376 2092 sint

120 2107 347 2154 vobiscum
371 2126 535 2165 omnes,
571 2109 738 2155 etiamfi
760 2109 824 2154 vis
843 2108 986 2169 aliqua
1016 2125 1087 2154 me
1106 2108 1372 2170 opprefferit,

117 2171 264 2232 potius
293 2169 423 2233 quam
446 2186 506 2228 ut,
553 2177 590 2218 δε
626 2173 709 2227 illi,
747 2176 787 2217 δι
810 2188 902 2227 nos,
948 2171 1031 2217 unzi
1054 2171 1222 2232 reipub.
1258 2173 1372 2232 peste

117 2250 357 2295 pereamus.
428 2238 590 2299 Qare,
627 2236 673 2280 P.
704 2236 756 2281 C.
793 2234 1033 2280 incumbite
1048 2234 1372 2295 adreipublicae

115 2297 329 2344 salutem:
364 2298 683 2360 circumspicite
709 2314 858 2343 omnes
893 2297 1118 2359 procellas,
1153 2313 1247 2358 quae
1285 2297 1368 2344 im·

116 2361 320 2422 pendent,
344 2362 423 2408 nisi
444 2363 697 2425 providetis.
766 2362 876 2407 Non
896 2361 1049 2408 Tiber.
1117 2359 1364 2415 Gracchus,

116 2440 192 2486 qui
215 2425 373 2474 iterum
408 2426 632 2475 Tribunus
670 2424 809 2487 plebis
841 2425 931 2471 fieri
961 2424 1101 2470 voluit
1118 2423 1363 2534 3GnonhC.

1176 2501 1272 2537 racc
1308 2502 1373 2542 us,
