1437 2589
275 139 392 199 Pro
423 137 584 214 Lege
621 137 1032 194 MANILIA.
1165 132 1272 207 163

45 228 172 275 vestri
189 243 291 275 cum
314 227 555 282 Antiocho,
593 242 696 272 cum
723 225 948 286 Philippo,
987 239 1088 269 cum
1104 224 1283 280 AEtolis,

47 308 151 339 cum
169 292 312 338 Poenis
336 292 452 337 bella
469 291 680 351 gesserunt
688 308 702 340 3
743 300 906 350 quanto
935 303 1011 333 vos
1033 287 1170 332 studio
1184 303 1286 333 con-

50 354 186 411 venit,
225 355 392 415 injuriis
426 366 698 415 provocatos,
744 351 957 397 sociorum
993 350 1172 396 salutem
1203 348 1288 399 unii

48 434 154 465 cum
167 419 344 480 imperii
366 417 491 462 vestri
517 416 728 478 dignitate
750 414 978 460 defendere
1002 417 1018 459 ?
1050 412 1287 474 praesertim

51 482 156 529 cum
177 481 230 528 de
247 481 392 527 vestris
416 480 624 526 maximis
647 478 934 539 vefi‘tigalibus
948 481 1134 538 agatur?
1160 478 1289 522 Nam

51 557 305 592 caeterarum
323 543 652 606 provinciarum
669 541 917 602 vectigalia,
936 539 1145 601 Qirites,
1171 551 1291 586 tanta

54 609 163 664 sunt,
187 620 234 653 ut
267 608 319 653 iis
357 607 410 653 ad
438 605 548 667 ipsas
583 604 832 667 provincias
867 603 1064 650 tutandas
1087 604 1166 648 vix
1189 619 1292 649 con-

55 672 162 719 tenti
184 672 264 717 esse
302 670 534 732 poffrmus:
571 668 676 714 Asia
705 668 808 714 vero
846 679 938 713 tam
981 666 1133 726 opima
1167 667 1225 711 est
1247 671 1290 711 δι

55 735 225 790 fertilis,
261 747 307 780 ut
343 738 382 779 &
406 733 599 778 ubertate
620 747 844 793 agrorum,
882 735 922 776 δε
959 729 1168 775 varietate
1207 730 1292 775 fru-

55 800 219 852 eruum,
258 802 300 842 &
338 795 640 858 magnitudine
674 795 893 857 pastionis,
941 798 981 838 <Sc
1017 792 1292 848 multitudine

55 877 208 908 earum
224 876 368 905 rerum
388 876 483 922 quae
497 870 796 919 exportantur,
836 853 963 902 facile
984 855 1186 902 omnibus
1211 866 1295 901 ter-

58 925 116 970 ris
139 922 377 970 antecellat.
446 924 599 982 Itaque
631 922 724 967 haec
756 920 883 966 vobis
905 919 1149 982 provincia,
1186 920 1298 981 Qi-

59 988 178 1041 rites,
213 986 246 1032 fi
267 986 322 1031 ad
336 985 437 1031 belli
458 985 690 1031 utilitatem
714 989 755 1029 δε
789 983 908 1044 pacis
939 982 1202 1043 dignitatern
1231 983 1296 1027 su-

60 1051 210 1097 stinere
231 1049 378 1104 vultis,
424 1064 512 1094 non
534 1049 667 1094 modo
699 1045 724 1092 a
746 1046 1011 1099 calamitate,
1057 1044 1128 1090 sed
1161 1040 1296 1091 etiam

60 1111 88 1160 ὲ
109 1125 229 1159 metu
249 1111 523 1166 calamitatiS,
553 1113 610 1158 est
631 1110 915 1156 defendenda.
982 1109 1110 1153 Nam
1132 1108 1296 1154 caeteris

62 1176 109 1222 in
145 1176 273 1222 rebus
309 1175 412 1221 cum
435 1174 556 1221 venit
587 1172 830 1228 calamitas,
862 1185 956 1218 tum
989 1171 1297 1217 detrimentum

62 1239 278 1301 accipitur
301 1255 312 1283 ε
348 1249 392 1283 at
414 1237 461 1283 in
476 1237 780 1299 vectigalibuS,
821 1252 908 1281 non
929 1234 1068 1280 solum
1090 1235 1299 1279 adventus

64 1302 189 1358 mali,
213 1301 284 1347 sed
320 1302 459 1347 etiam
496 1314 633 1346 metus
671 1298 778 1360 ipse,
823 1297 945 1344 affert
987 1297 1298 1344 calamitatem.

63 1366 192 1411 Nam
213 1365 316 1411 cum
338 1364 525 1410 hostium
541 1363 679 1425 copiae
696 1379 783 1408 non
803 1358 937 1423 longe
953 1361 1117 1415 absunt,
1133 1360 1302 1407 etiamst

0 1475 1 1486 2
66 1428 249 1490 irruptio
270 1427 384 1473 faita
405 1427 522 1472 nulla
538 1428 606 1482 fit,
645 1438 792 1472 tamen
813 1439 972 1486 pecora
988 1424 1300 1484 relinquuntur,

0 1491 1 1514 ³
64 1492 335 1554 agricultura
362 1488 580 1545 deseritur,
616 1500 907 1535 mercatorum
950 1487 1177 1549 navigatio
1200 1504 1303 1534 con-

67 1556 261 1617 quiescit.
328 1550 397 1600 Ita
410 1569 548 1616 neque
576 1569 633 1599 ex
661 1565 805 1613 portu,
850 1567 988 1612 neque
1010 1567 1066 1596 ex
1090 1551 1302 1607 decumis,

68 1635 208 1680 neque
249 1632 306 1662 ex
349 1616 558 1677 scriptura
608 1615 799 1677 vectigal
859 1613 1099 1660 conservari
1152 1614 1301 1674 potest.

69 1683 218 1744 Qare
240 1680 349 1740 saepe
369 1681 498 1725 totius
521 1679 624 1725 anni
641 1679 798 1725 fruitus
813 1694 898 1723 uno
913 1693 1085 1722 rumore
1104 1676 1302 1738 periculi,

68 1756 198 1806 atque
231 1760 318 1789 uno
352 1742 454 1788 belli
493 1755 669 1798 terrore,
709 1740 934 1787 amittitur.
1001 1741 1106 1801 Qo
1127 1740 1305 1786 tandem

69 1809 220 1854 animo
240 1807 321 1853 effe
343 1806 613 1861 existimatis,
647 1816 721 1850 aut
757 1821 830 1850 eos
859 1804 934 1865 qui
969 1802 1202 1864 vectigalia
1223 1819 1300 1849 vo-

71 1871 138 1917 bis
156 1870 386 1933 pensitant,
411 1881 484 1915 aut
505 1885 577 1914 eos
594 1868 670 1930 qui
708 1880 915 1913 exercent
937 1878 1067 1927 atque
1087 1866 1272 1927 exigunt
1289 1883 1304 1916 3

69 1934 174 1981 cum
206 1935 291 1979 duo
322 1948 442 1994 reges
464 1948 567 1978 cum
589 1930 796 1978 maximis
818 1930 958 1991 copiis
974 1945 1111 1991 prope
1130 1930 1266 1974 adsint
1290 1932 1306 1974 ?

70 1997 175 2044 cum
196 2013 283 2042 una
298 1994 494 2042 excurfio
515 1996 728 2056 equitatus
742 1994 944 2055 perbrevi
960 2005 1155 2053 tempore
1178 1993 1308 2038 totius

74 2060 178 2107 anni
215 2060 407 2119 veitigal
429 2058 594 2104 auferre
617 2059 739 2120 poffit
763 2075 773 2102 ε
808 2057 911 2102 cum
934 2055 1155 2117 publicani
1180 2054 1310 2100 farm-

74 2124 154 2170 lias
187 2123 423 2177 maximas,
467 2138 573 2183 quas
618 2122 664 2166 in
705 2119 850 2166 salinis
881 2119 1061 2173 habent,
1115 2134 1219 2180 quas
1261 2118 1309 2163 in

74 2186 209 2248 agris,
254 2201 359 2247 quas
403 2185 449 2230 in
487 2183 693 2246 portubus
725 2195 853 2244 atque
890 2181 1102 2236 custodiis,
1142 2189 1310 2240 magno

77 2249 271 2311 periculo
304 2248 344 2294 se
368 2247 528 2293 habere
549 2247 844 2294 arbitrantur?
921 2244 1100 2291 utatisne
1128 2259 1205 2288 vos
1228 2243 1312 2287 illis

79 2312 206 2358 rebus
239 2311 323 2357 frui
339 2311 470 2371 poffe,
502 2309 582 2357 nifi
599 2326 687 2365 e05,
723 2309 800 2370 qui
834 2261 959 2353 vossis
997 2305 1197 2352 fructuosi
1219 2304 1313 2351 sunt

79 2374 450 2428 conservaveritis,
483 2389 574 2419 non
592 2373 731 2418 solum
773 2375 834 2432 (ut
849 2368 950 2416 ante
983 2369 1096 2428 dixi)
1134 2368 1313 2413 calami·

81 2449 185 2493 tate,
231 2436 302 2484 sed
329 2436 466 2485 etiam
495 2434 756 2485 calamitatis
798 2432 1048 2488 formidine,
1065 2431 1268 2477 liberatos
1294 2433 1311 2475 ?

251 2516 254 2519 ·
1235 2494 1306 2537 Ac
