1437 2589
94 104 193 180 ,76
494 104 1039 166 oRAT1o

106 195 206 246 ieris
228 194 335 257 fingi
366 206 440 242 aut
457 197 702 258 excogitari
716 199 868 259 potest,
902 200 1020 260 quod
1039 215 1128 246 non
1156 200 1229 247 ille
1260 215 1361 247 con-

106 259 305 320 ceperit?
339 260 432 322 quis
469 260 561 306 tota
582 260 711 306 Italia
744 263 972 318 veneficus,
1008 263 1100 324 quis
1131 264 1359 326 gladiator,

29 354 36 362 .
86 322 203 383 quis
224 322 351 378 latro,
386 323 480 384 quis
518 323 705 377 sicarius,
740 325 833 386 quis
856 325 1084 387 parricida,
1119 326 1211 389 quis
1243 327 1365 374 testa-

107 398 356 433 mentorum
377 385 604 446 subjec‘tor,
641 387 733 449 quis
763 388 1120 450 circumscriptor,
1155 390 1247 452 quis
1283 406 1362 451 ga-

104 465 206 505 neo,
243 450 336 512 quis
357 465 510 511 ηεροδ,
534 451 626 512 quis
649 450 829 506 adulter,
865 468 961 514 quae
976 453 1136 499 mulier
1164 454 1359 510 infamis,

105 514 202 573 quis
225 524 450 575 corruptor
460 513 713 574 juventutis,
749 514 841 576 quis
864 528 1102 576 corruptus,
1138 517 1234 578 quis
1264 532 1361 578 per-

105 577 219 622 ditus
242 576 428 623 inveniri
449 579 599 637 potest,
634 578 709 639 qui
744 578 887 625 secum
905 579 1096 625 Catilina
1127 596 1215 626 non
1236 579 1362 626 fami-

105 637 320 686 liarissime
353 640 505 686 vixifi‘e
544 641 761 688 fateatur?
807 657 903 702 quae
938 643 1074 688 caedes
1113 658 1192 704 per
1229 642 1360 689 hosce

105 720 240 750 annos
264 704 352 750 fine
387 704 465 750 illo
496 703 610 750 facta
632 704 723 750 est?
774 705 890 766 quod
920 705 1137 750 nefarium
1166 706 1357 766 stuprum

82 800 86 802 v
104 783 194 816 non
216 784 294 829 per
307 767 431 813 iilum
452 771 467 814 ?
503 768 605 827 Jam
619 766 723 813 vero
745 783 842 829 quae
856 779 977 814 tanta
989 768 1034 814 in
1056 768 1144 814 ullo
1165 784 1358 829 unquam

104 832 288 876 homine
306 831 543 890 juventutis
563 831 768 888 illecebra
785 831 878 886 fuit,
906 842 1066 893 quanta
1083 832 1128 877 in
1152 832 1228 877 illo
1245 836 1261 878 ἓ
1279 832 1356 893 qui

103 894 215 940 alios
239 894 326 956 ipse
348 895 527 940 amabat
547 891 812 955 tmpiffime3
856 895 1043 940 aliorum
1065 895 1206 941 amori
1231 895 1361 956 flagi-

103 956 318 1003 unfit-'Eme
355 957 599 1004 serviebat:
634 957 730 1001 aliis
753 956 938 1003 sincium
958 957 1190 1003 libidinum
1213 975 1226 1009 3
1262 958 1358 1004 aliis

105 1033 293 1066 mortem
330 1032 574 1081 parentum,
611 1035 699 1065 non
721 1020 854 1066 modo
883 1021 1166 1081 impellendo,
1200 1021 1356 1066 verum

106 1084 241 1130 etiam
264 1083 528 1143 adjtivandQ
564 1083 865 1145 pollicebatur.
934 1084 1070 1129 Nunc
1102 1081 1357 1144 veroquam

102 1146 240 1193 subito
256 1164 352 1192 noa
366 1146 505 1192 solum
520 1163 578 1192 ex
595 1146 719 1200 urbe,
754 1146 906 1192 verum
927 1147 1061 1192 etiam
1078 1163 1134 1192 ex
1152 1147 1270 1207 agris
1290 1147 1359 1192 in-

104 1223 282 1272 gentem
305 1225 534 1255 numerum
558 1208 825 1271 perditorum
839 1209 1071 1255 hominum
1087 1211 1357 1271 collegerat?

101 1290 235 1319 nemo
255 1290 344 1319 non
366 1273 501 1318 modo
523 1273 699 1327 Romae,
722 1271 794 1318 sed
815 1288 896 1318 nec
916 1272 1006 1318 ullo
1040 1272 1271 1334 invangulo
1291 1283 1371 1318 to·-⁹

102 1337 184 1382 tius
208 1337 351 1383 Italiae
373 1337 590 1398 oppressus
613 1351 695 1380 aere
713 1335 854 1381 alieno
893 1334 988 1391 fuit,
1024 1350 1156 1396 quem
1190 1350 1280 1381 non
1300 1333 1356 1382 ad

100 1400 189 1446 hoc
201 1399 455 1446 incredibile
476 1398 644 1449 sceleris
664 1398 803 1443 foedus
830 1397 1072 1444 adsciverit.
1140 1398 1289 1460 Atque
1309 1408 1359 1445 ut

99 1463 189 1524 ejus
212 1462 383 1509 diversa
397 1462 534 1508 studia
554 1461 599 1507 in
616 1461 806 1508 diffimssi
823 1462 992 1508 ratione
1005 1460 1246 1523 perspicere
1260 1460 1356 1522 pos-

102 1527 184 1573 fitis
209 1544 221 1577 3
267 1542 399 1573 nemo
420 1526 478 1571 est
497 1525 657 1572 inludo
681 1524 942 1587 gladiatorio
964 1523 1093 1586 paulo
1114 1524 1170 1569 ad
1190 1523 1354 1574 facinus

100 1590 322 1645 audacior,
356 1589 431 1651 qui
464 1587 505 1634 se
526 1605 614 1634 non
652 1588 858 1635 intimum
895 1588 1098 1634 Catilinae
1118 1587 1199 1632 effe
1220 1587 1355 1633 fatea-

98 1666 202 1700 tur:
236 1669 370 1699 nemo
391 1653 438 1698 in
469 1651 594 1697 scena
616 1652 756 1697 levior
787 1656 828 1697 δε
851 1651 1047 1713 nequior,
1083 1651 1159 1712 qui
1192 1649 1232 1696 se
1265 1666 1353 1696 non

98 1716 288 1777 ejusdem
305 1731 443 1778 prope
463 1714 654 1761 sodalem
670 1714 790 1760 fuisse
807 1725 1137 1760 commemoret.
1206 1714 1353 1775 Atque

98 1782 213 1826 idem
237 1792 384 1827 tamen
402 1780 644 1841 stuprorum
667 1782 709 1823 δε
731 1776 938 1823 scelerum
958 1776 1270 1823 exercitatione
1293 1775 1353 1822 as-

97 1844 320 1898 suffactus,
358 1842 520 1905 frig'ore
560 1846 601 1888 δε
639 1841 773 1896 fame,
800 1845 842 1885 &
866 1841 930 1887 siti
955 1856 1008 1886 ac
1024 1839 1192 1901 vigiliis
1215 1839 1351 1902 perfe-

97 1908 257 1961 rendis,
292 1906 414 1952 fortis
431 1905 488 1951 ab
514 1905 597 1950 istjs
627 1904 709 1949 suis
727 1903 853 1950 sociis
877 1903 1210 1964 praedicabatur,
1247 1902 1349 1949 cum

98 1969 314 2017 industriae
354 1968 556 2023 subfidia‚
602 1978 731 2028 atque
773 1967 1052 2012 instrumenta
1093 1965 1264 2011 virtutis
1304 1967 1350 2011 in

94 2033 281 2080 libidine
302 2031 568 2094 audaciaque
584 2028 867 2076 consumeret.
934 2030 1071 2075 Hunc
1103 2028 1208 2073 vero
1239 2028 1272 2075 fi
1290 2026 1349 2074 sui

96 2096 254 2144 fuerint
267 2095 447 2141 comites
475 2094 620 2147 secuti,
655 2093 688 2140 fi
709 2109 765 2139 ex
780 2092 886 2159 urbe
906 2092 1091 2138 exierint
1109 2091 1348 2153 desperato-

95 2176 195 2206 rum
225 2158 458 2205 hominum
488 2157 694 2219 flagitio-fi
717 2170 888 2218 greges,
925 2156 972 2202 ὀ-
990 2171 1067 2202 nos
1106 2154 1285 2200 beatos!
1314 2154 1349 2200 ὀ

94 2222 311 2284 rempubl.
357 2221 653 2268 fortunatam!
687 2220 715 2266 ὁ
737 2219 992 2280 praeclaram
1027 2217 1201 2264 laudem
1231 2217 1347 2263 Con-

96 2286 256 2333 sulatfis
276 2283 390 2331 mei!
424 2284 536 2330 Non
555 2282 675 2329 enirn
701 2281 798 2341 jam
816 2283 910 2327 sunt
925 2280 1166 2327 mediocres
1199 2279 1348 2325 homi·
1393 2289 1396 2293 ’

94 2366 203 2397 num
218 2348 439 2404 libidines,
456 2362 543 2393 non
554 2346 758 2392 humanae
779 2343 986 2400 audaciae,
1013 2359 1065 2390 ac
1086 2341 1345 2390 tolerandae:
1405 2366 1412 2410 ,ν

94 2412 209 2461 nihil
239 2411 452 2477 cogitant,
487 2409 567 2458 nisi
595 2408 776 2463 caedem‚
810 2407 891 2454 nisi
927 2406 1144 2462 incendia,
1181 2404 1259 2451 nifi
1279 2419 1348 2450 ra·-

1195 2467 1365 2531 pinasz.
1405 2468 1414 2491 ³

1402 2498 1415 2542 ὲ

1383 2549 1416 2589 ἶὲ
