2912 4368
1593 998 1710 1070 184
1963 989 2496 1050 ORATIO

1580 1087 1741 1137 vilium
1778 1084 1895 1144 qu'us
1916 1095 2047 1131 tantae
2083 1100 2148 1130 res
2172 1085 2298 1147 gestae
2334 1085 2450 1132 terra
2471 1084 2668 1146 marique
2689 1087 2762 1132 ex(

1581 1161 1739 1205 terunt,
1777 1162 1824 1195 ut
1851 1162 1954 1193 cum
1988 1149 2041 1194 de
2067 1147 2182 1194 bello
2216 1149 2478 1205 deliberetis,
2519 1150 2666 1195 auetor
2690 1148 2765 1195 vol
2812 1152 2814 1154 ’
2851 1145 2889 1211 :s

1582 1214 1763 1275 gravior
1783 1213 1864 1260 effe
1896 1228 2028 1259 nemo
2062 1211 2250 1258 debeat:
2284 1214 2343 1259 est
2373 1213 2426 1260 C.
2459 1212 2611 1267 Curio,
2636 1212 2766 1260 sumrr
2817 1215 2819 1218 ’
2864 1213 2870 1224 ”

1582 1277 1729 1322 vestris
1753 1276 1990 1331 beneficiis,
2009 1273 2302 1337 maximisque
2324 1277 2448 1323 rebus
2467 1276 2611 1338 gestiS,
2646 1274 2768 1321 sumn
2829 1312 2837 1321 .
2886 1279 2898 1295 ‘¹

1582 1339 1765 1402 ingenio
1801 1345 1842 1386 &
1870 1339 2102 1402 prudentia
2118 1339 2321 1401 praeditus
2345 1359 2355 1386 :
2395 1340 2453 1386 est
2477 1342 2561 1387 Cn.
2587 1338 2768 1385 Lentulu

1583 1403 1632 1450 in
1654 1420 1741 1465 quo
1758 1420 1927 1460 omnes,
1967 1420 2048 1464 pro
2071 1402 2341 1464 ampliffimis
2379 1403 2526 1449 vestris
2565 1403 2769 1450 honoribi
2810 1417 2814 1440 1
2849 1413 2854 1436 ²
2898 1408 2900 1424 ¹

1584 1467 1806 1514 summum
1824 1468 2067 1521 confilium,
2092 1466 2311 1513 summam
2333 1468 2597 1529 gravitatem
2617 1468 2696 1514 effe
2718 1482 2770 1513 co

1591 1531 1795 1577 noscitis:
1830 1532 1888 1576 est
1913 1533 1966 1578 C.
1993 1531 2170 1585 CaffiuS,
2194 1531 2466 1594 integritate,
2506 1531 2679 1587 virtute,
2720 1545 2772 1576 co

1584 1594 1737 1641 stantia
1759 1595 1979 1656 singulari.
2048 1596 2197 1657 Qare
2225 1596 2387 1650 videte,
2427 1606 2473 1641 ut
2494 1595 2655 1642 horum
2681 1595 2773 1640 au&
2885 1644 2889 1649 ¹

1583 1658 1799 1714 ruatibus,
1825 1658 1999 1704 illorum
2035 1659 2225 1705 orationi
2247 1659 2323 1720 qui
2331 1658 2610 1736 dissentiunt,
2654 1656 2775 1719 respo
2830 1694 2844 1710 „
2896 1674 2900 1681 ·

1512 1720 1518 1725 ’
1586 1721 1687 1767 dere
1710 1723 1826 1782 pofle
1858 1722 2101 1769 videamur.
2169 1723 2282 1784 Qae
2303 1738 2407 1768 cum
2429 1720 2489 1768 ita
2511 1721 2609 1778 sint,
2645 1723 2699 1768 C.
2724 1722 2776 1768 M
2824 1775 2827 1778 J

1586 1784 1687 1839 nili,
1735 1786 1932 1846 primum
1975 1785 2100 1832 istam
2129 1797 2254 1833 tuam
2286 1790 2326 1831 δε
2353 1786 2515 1847 legem,
2552 1790 2595 1831 δι
2630 1786 2777 1831 volunt
2858 1838 2862 1845 .

1587 1860 1695 1904 tem,
1758 1854 1799 1894 δε
1847 1849 2108 1896 sententiam
2157 1849 2305 1904 laudo,
2366 1823 2778 1911 vehementiffime'q
2819 1864 2851 1883 ν·

1588 1912 1870 1973 comprobo:
1905 1912 2063 1960 deinde
2097 1925 2139 1959 te
2162 1913 2330 1967 hortor,
2387 1924 2435 1959 ut
2467 1913 2640 1958 au&ore
2662 1929 2780 1974 popu
2820 1936 2822 1942 ·
2858 1964 2865 1975 η

1588 1976 1798 2022 Romano
1837 1992 2014 2022 maneas
2051 1976 2099 2022 in
2138 1975 2351 2024 sententia
2378 1993 2405 2027 ;·
2434 1992 2545 2022 neve
2575 1975 2782 2038 cujusquav

1589 2039 1686 2085 vim
1716 2050 1791 2085 aut
1829 2040 1970 2086 minas
2011 2039 2302 2101 pertimescas.
2371 2040 2575 2086 Primum
2595 2041 2642 2087 in
2666 2050 2708 2085 te
2729 2039 2784 2085 sat

1589 2103 1671 2149 effe
1715 2103 1855 2149 animi
1893 2104 2226 2165 constantiaeque
2265 2103 2479 2150 arbitror:
2512 2103 2684 2157 deinde,
2725 2103 2786 2150 cu

1587 2177 1757 2212 tantam
1790 2167 2119 2213 multitudinem
2147 2183 2251 2214 cum
2280 2178 2401 2215 tanto
2422 2166 2558 2213 studio
2592 2167 2728 2212 adeffe
2766 2183 2786 2212 v

1589 2229 1786 2285 deamus,
1827 2242 2040 2291 quantum
2074 2246 2190 2276 nune
2219 2231 2380 2277 iterum
2403 2231 2450 2276 in
2470 2230 2626 2277 eodem
2647 2229 2788 2276 homi1

1590 2293 1868 2354 praeficiendo
1898 2294 2096 2340 videmus
2113 2311 2126 2344 ;
2170 2295 2277 2355 quid
2307 2295 2381 2349 est,
2427 2294 2546 2355 quod
2586 2305 2661 2341 aut
2682 2293 2736 2339 de
2765 2311 2789 2339 r-

1592 2366 1670 2402 aut
1682 2357 1735 2402 de
1750 2356 2001 2417 perficiendi
2017 2358 2222 2406 facultate
2239 2358 2520 2404 dubitemus?
2543 2359 2643 2419 Ego
2664 2370 2791 2404 auten

1594 2420 1842 2491 quicquid
1831 2437 1877 2465 m
1902 2437 1972 2466 me
1995 2422 2053 2467 est
2082 2421 2223 2478 studii,
2264 2421 2447 2476 consilii,
2493 2421 2669 2476 laboris,
2707 2421 2793 2483 ing·

1594 2483 1659 2529 nii
1685 2501 1699 2534 ‚·
1738 2484 1946 2545 quiequid
1979 2485 2065 2530 hoc
2103 2484 2314 2532 beneficio
2344 2485 2498 2546 populi
2521 2485 2732 2540 Romani,
2769 2501 2794 2530 a

1595 2563 1682 2607 que
1717 2548 1803 2592 hac
1826 2548 2032 2608 potestate
2055 2548 2280 2605 Praetoria,
2326 2548 2537 2610 quicquid
2558 2550 2796 2594 auetoritau

1593 2611 1695 2666 fide,
1734 2611 1973 2657 constantia
1994 2612 2177 2673 poss'um,
2204 2614 2251 2659 id
2267 2628 2398 2658 omne
2422 2612 2479 2658 ad
2493 2613 2608 2658 hanc
2621 2627 2715 2657 rem
2732 2628 2797 2658 coi

1594 2675 1829 2720 ficiendam
1852 2675 1933 2721 tibi
1960 2680 1999 2720 &
2023 2677 2188 2736 populo
2213 2679 2421 2722 Romano
2453 2675 2662 2737 polliceor
2687 2680 2725 2721 δι
2761 2675 2799 2720 ἀι

1595 2738 1704 2783 fero.
1731 2738 1945 2800 testdrque
1981 2755 2131 2784 omnes
2163 2741 2281 2795 deos,
2331 2744 2371 2784 δε
2405 2756 2477 2785 eos
2501 2755 2716 2793 maxime,
2743 2754 2800 2810 ‘ql

1598 2801 1702 2847 huic
1753 2802 1866 2858 loco,
1909 2802 2161 2864 templcique
2213 2802 2455 2865 praefident,
2511 2802 2587 2863 qui
2632 2802 2801 2847 omniur
2838 2819 2843 2838 ³

1599 2876 1764 2911 mentes
1777 2882 1946 2919 eorum,
1966 2865 2041 2926 qui
2066 2866 2227 2913 adrem
2247 2866 2471 2928 publicam
2489 2865 2662 2919 adeunt,
2688 2881 2802 2911 max.
2869 2910 2874 2913 .

1600 2944 1673 2974 me
1703 2929 1984 2990 perspiciunt,
2025 2944 2096 2974 me
2121 2929 2207 2976 hoc
2230 2946 2370 2992 neque
2409 2941 2567 2990 rogatu
2596 2929 2737 2973 facere
2759 2944 2804 2974 cc
2854 2962 2855 2965 η

1596 2992 1813 3054 jusquam,
1854 3008 1993 3052 neque
2026 2991 2111 3053 qu&
2154 2995 2239 3040 Cn
2265 2994 2468 3054 Pompeii
2501 2991 2692 3054 gratiam
2715 2992 2806 3036 mih
2852 3022 2853 3025 ,

1602 3072 1680 3116 per
1702 3057 1816 3101 hanc
1830 3055 2003 3101 causam
2026 3058 2253 3102 conciliari
2277 3069 2441 3118 putem,
2484 3070 2623 3114 neque
2642 3054 2728 3115 quc}
2751 3055 2808 3100 mi

1604 3119 1652 3164 hi
1675 3135 1732 3165 ex
1751 3117 2003 3179 cujusquam
2025 3121 2330 3180 amplitudine,
2355 3133 2428 3165 aut
2448 3118 2645 3180 praefidia
2667 3117 2810 3179 pericu

1602 3182 1672 3237 lis,
1709 3194 1782 3228 aut
1813 3182 2061 3242 adjumenta
2084 3183 2322 3231 honoribus
2355 3199 2574 3244 quaeram:
2606 3194 2810 3242 proptere.
2858 3225 2864 3232 ,

1604 3246 1733 3316 quod·
1757 3246 1966 3320 pericula
1972 3242 2113 3300 facile,
2153 3259 2200 3293 ut
2221 3248 2452 3294 hominem
2489 3245 2684 3306 praestare
2706 3259 2812 3305 opor

1605 3320 1682 3365 tet,
1721 3308 1973 3359 innocentia
2005 3309 2106 3356 teeti
2150 3312 2384 3374 pellemus.
2429 3311 2617 3358 honores
2667 3319 2811 3359 autem

2693 3383 2815 3432 nequ·
2882 3397 2892 3407 ·
