1437 2589
151 82 221 155 78
507 80 1049 141 ORATIO

142 168 314 228 potuit:
350 167 684 230 simulatqueire
701 169 747 214 in
759 169 959 215 exsilium
975 170 1104 229 jufl'us
1121 171 1192 227 est,
1227 172 1400 233 paruit..

143 230 281 292 Qid,
317 231 432 292 quod
448 232 643 277 hesterno
659 233 744 287 die,
779 246 882 278 cum
902 232 1023 278 domi
1053 250 1163 280 meae
1196 233 1306 296 pene
1322 236 1387 281 in-

139 293 340 339 terfec'tus
375 294 520 349 essem,
555 297 763 341 Senatum
797 295 844 341 in
879 295 1019 341 aedem
1052 297 1174 357 Jovis
1208 298 1386 344 Statoris

139 357 384 402 convocavi
403 375 415 407 3
452 374 545 403 rem
573 373 753 403 omnem
770 359 824 403 ad
848 359 990 404 Patres
1011 359 1285 421 Conscriptos
1314 361 1385 406 de-

140 420 220 466 tuli
241 424 256 466 ?
291 437 378 481 quo
402 421 503 466 cum
528 421 720 467 Catilina
740 421 932 476 venisset,
967 422 1063 483 quis
1083 439 1185 468 eum
1207 424 1386 469 Senator

140 483 415 544 appellavit?
450 484 546 545 quis
588 483 824 530 salutavit?
880 485 976 546 quis
1012 485 1197 546 denique
1226 484 1288 532 ita
1324 484 1385 531 as-

140 546 280 608 pexit,
316 559 363 593 ut
404 547 623 608 perditum
657 547 820 601 civem,
854 563 905 593 ac
938 564 1026 594 non
1047 549 1189 610 potius
1226 561 1273 595 ut
1303 549 1385 595 im-

140 610 487 671 portunissimum
508 611 674 656 hostem
697 614 713 656 ?
749 610 854 671 quin
886 611 1020 657 etiam
1038 612 1257 674 principes
1293 612 1384 671 ejus

137 672 306 719 ordinis
338 685 506 735 partem
528 673 651 719 illam
672 672 968 719 subselliorum
990 675 1044 720 ad
1066 691 1199 736 quam
1222 675 1294 721 ille
1316 691 1384 720 ac-

137 737 326 792 cesserat,
361 737 524 783 nudam
560 748 691 798 atque
733 736 909 782 inanem
946 737 1222 799 reliquerunt.
1289 738 1383 785 Hie

140 815 230 861 ego
250 800 485 846 vehemens
507 799 580 846 ille
612 798 787 854 Consul,
822 800 898 861 qui
915 801 1050 847 verbo
1068 801 1182 847 cives
1210 801 1256 846 in
1277 802 1382 849 exfi-

139 863 250 909 lium
272 863 418 923 ejicio,
454 863 629 925 quaefivi
650 860 673 909 ὲ
695 861 904 918 Catilina,
939 879 995 909 an
1037 866 1245 910 nocturno
1283 881 1383 911 con-

138 938 271 973 ventu
311 928 427 988 apud
465 928 535 972 M.
561 926 751 973 Leccam
787 926 938 981 fuisset,
974 924 1123 972 necne.
1171 944 1273 974 cum
1310 928 1384 974 ille

139 990 279 1035 homo
321 990 631 1044 audaciffimus,
682 989 944 1036 conscientia
969 991 1206 1046 conviCtuS,
1240 991 1385 1052 primo

138 1054 369 1099 reticuisset
392 1071 405 1104 3
440 1054 625 1115 patefeci
651 1063 803 1098 caetera
826 1070 836 1098 2
871 1053 977 1115 quid
997 1069 1049 1099 ea
1070 1055 1194 1100 ῃοξὶε
1216 1055 1381 1115 egisset,
1436 1069 1437 1083 ¹

141 1117 216 1162 ubi
240 1116 392 1171 fuisset,
407 1117 513 1178 quid
533 1119 580 1162 in
601 1116 854 1177 proximam
875 1115 1161 1172 constituisset,
1179 1118 1385 1179 quemad·

140 1180 323 1226 modum
345 1181 443 1226 effet
464 1182 504 1226 ei
535 1181 647 1226 ratio
669 1180 797 1226 totius
820 1180 924 1226 belli
954 1179 1180 1242 descripta,
1211 1181 1382 1227 edocui.

140 1245 259 1289 Cum
275 1245 501 1298 haesitaret,
537 1244 640 1291 cum
662 1254 873 1289 teneretur
895 1261 909 1294 ;
943 1243 1117 1304 quaefivi
1135 1243 1242 1304 quid
1259 1243 1385 1290 dubi-

138 1318 248 1352 taret
271 1308 480 1368 proficisci
518 1307 584 1362 eo,
621 1305 706 1369 quo
738 1306 1004 1368 jampridem
1039 1306 1246 1368 pararat:
1280 1322 1382 1353 cum

139 1386 278 1426 arma,
299 1387 399 1416 cum
437 1371 613 1416 secures.
668 1385 770 1415 cum
791 1369 939 1424 fascea
973 1385 1075 1415 cum
1105 1370 1245 1424 tubaS,
1279 1386 1383 1416 cum

138 1434 262 1494 signa
292 1434 515 1489 militaria,
551 1450 651 1480 cum
670 1432 864 1494 aquilam
880 1433 1004 1479 illam
1026 1445 1293 1495 argenteam,
1312 1434 1381 1480 cui

134 1497 211 1542 ille
224 1497 358 1543 etiam
379 1497 611 1543 sacrarium
628 1496 833 1543 scelerum
854 1496 976 1542 domi
1006 1496 1088 1541 suae
1110 1496 1282 1551 fecerat,
1306 1496 1382 1542 sci-

136 1576 232 1606 rem
246 1561 328 1606 esse
344 1561 616 1622 praemissam.
684 1560 739 1605 In
754 1559 954 1608 exsilium
966 1558 1230 1619 ejiciebams
1250 1576 1383 1620 quem

132 1623 230 1684 jam
267 1624 500 1684 ingressum
531 1624 578 1670 in
621 1623 783 1669 bellum
820 1624 899 1669 effe
935 1622 1176 1670 videbam?
1219 1623 1380 1669 etenim

135 1688 283 1742 credo,
319 1688 514 1733 Manlius
547 1687 636 1741 iste,
672 1687 883 1741 centurio,
919 1686 994 1747 qui
1028 1686 1074 1731 in
1116 1701 1225 1746 agro
1258 1687 1382 1733 Fesu-

138 1749 238 1796 lano
255 1751 389 1796 castra
405 1749 560 1812 posuit,
597 1749 759 1795 bellum
782 1749 944 1811 populo
963 1750 1167 1796 Romano
1197 1748 1271 1794 suo
1303 1766 1380 1796 no-

137 1814 258 1860 mine
288 1814 478 1860 indixit:
515 1818 556 1859 ἃ
589 1813 667 1859 ina
694 1814 828 1859 castra
861 1829 974 1858 nunc
1012 1828 1101 1858 non
1140 1811 1378 1858 Catilinam

111 1878 295 1923 ‘ducem
328 1878 577 1938 exspeffitant
596 1893 610 1927 ;
648 1880 687 1922 δι
721 1876 806 1922 ille?
826 1876 984 1935 ejectus
1016 1875 1061 1921 in
1083 1875 1300 1928 exsilium,
1337 1876 1378 1921 se

136 1940 388 1995 Mafiiliam,
427 1951 473 1986 ut
504 1940 642 1994 aiunt,
675 1955 761 1985 non
805 1938 851 1984 in
873 1939 967 1984 haec
997 1939 1130 1983 castra
1169 1935 1373 1984 conferet.

135 2005 182 2050 O
202 2003 502 2049 conditionem
532 2001 733 2048 miseram
756 2018 844 2047 non
860 2000 994 2047 modo
1016 2001 1375 2056 administrandae,

133 2067 288 2113 verum
330 2066 465 2112 etiam
499 2065 798 2113 conservandae
833 2064 1117 2126 reipublicae!
1168 2080 1295 2120 nunc,
1345 2065 1374 2112 fi

131 2130 186 2175 L.
210 2129 418 2184 Catilina,
453 2128 658 2184 confiliis,
681 2128 918 2182 laboribus,
937 2127 1139 2188 periculis
1161 2128 1271 2173 meis
1293 2128 1374 2172 cir-
1406 2163 1409 2166 .

131 2191 370 2238 eumelusus
388 2208 437 2237 ac
460 2191 705 2238 debilitatus
726 2190 866 2238 subit&
886 2191 1174 2252 pertimuerit,
1211 2191 1374 2236 senten·
1392 2219 1412 2228 «ι

130 2256 244 2303 tiam
265 2255 511 2309 mutaverit,
546 2255 776 2301 deseruerit
795 2251 903 2308 suos,
938 2253 1163 2299 consilium
1186 2253 1288 2298 belli
1312 2253 1375 2299 fa·
1403 2256 1410 2289 ’ἴ

129 2318 274 2364 ciendi
297 2319 516 2378 abjecerit,
552 2334 607 2363 ex
631 2319 719 2363 hoc
740 2316 860 2362 cursu
890 2316 1057 2362 sceleris
1083 2320 1122 2362 &
1145 2316 1264 2371 belli,
1290 2316 1372 2362 iter
1398 2315 1403 2319 ⁵

129 2382 185 2431 ad
207 2382 360 2445 fugam
380 2393 507 2446 atque
528 2380 576 2432 in
598 2381 799 2431 exsilium
814 2379 1075 2432 converterit
1096 2396 1111 2431 3
1144 2395 1231 2428 non
1253 2379 1326 2426 ille
1344 2377 1371 2425 ἐ
1396 2395 1397 2399 ’

1296 2453 1394 2490 ηυειι
