1437 2589
15 98 50 119 „

2 138 53 221 53
127 122 243 182 Pro
267 119 347 178 T.
378 120 558 177 ANN
584 135 663 176 10
691 115 810 174 M1
834 133 974 174 Lon
996 134 1051 173 E.
1145 136 1250 192 191

28 215 112 274 sttui
133 216 227 263 vim
248 212 480 263 afferebat;
522 211 663 257 facere
693 209 814 256 enim
843 207 1000 270 probus
1022 208 1264 254 adolescens

96 276 291 333 riculose,
312 274 443 340 quam
465 275 633 338 perpeti
658 274 856 334 turpiter,
876 271 1046 318 maluit.
1115 272 1263 334 Atque

24 342 26 346 ’
67 343 71 348 '
102 355 157 391 nc
177 343 250 390 ille
263 342 334 388 vir
352 339 542 386 summus
558 338 709 384 scelere
730 335 915 383 solutum
937 335 1131 398 periculo
1152 335 1260 382 Iibe-

0 404 4 420 ²
42 408 166 454 ravit.
233 403 480 452 Infidiatori
499 402 619 457 vero,
666 406 706 448 &
727 399 900 455 latroni,
939 415 1032 461 quae
1051 399 1184 461 potest
1202 398 1265 445 af-

38 470 140 518 ferri
179 468 332 530 injusta
349 470 467 514 nex?
537 466 614 511 uid
629 465 859 511 comitatus
882 462 1028 518 nostri,
1050 463 1155 525 quid
1173 462 1266 525 gla-

39 533 102 581 dii
127 533 318 580 volunt?
354 546 460 593 quos
496 530 554 576 ha
587 545 658 575 ere
694 524 808 574 certe
830 542 917 573 non
948 527 1112 580 liceret,
1146 525 1178 572 fi
1199 525 1264 572 uti

37 596 122 644 inis
160 596 280 642 nullo
309 596 437 657 pasto
457 593 620 639 liceret.
685 592 758 637 Est
792 590 912 636 enirn
934 590 1043 645 haec,
1076 589 1267 649 judices,

38 675 125 707 non
147 658 322 720 scripta,
365 657 437 703 sed
470 668 572 703 nata
602 656 675 701 lex
700 672 714 705 3
748 670 882 716 quam
905 669 991 700 non
1013 653 1264 708 didicimuS,

37 721 302 785 accepimus,
337 720 524 782 legimus
548 737 562 770 3
605 719 760 764 verum
781 733 837 762 ex
860 717 1013 763 natura
1035 716 1130 779 ipsa
1153 716 1264 762 arri-

37 787 224 848 puimuS,
276 784 509 839 hausimus,
564 781 871 844 expreffimus;
910 779 966 826 ad
1007 796 1140 841 quam
1177 796 1266 826 non

24 850 169 904 docti,
202 847 274 894 sed
310 847 441 897 facti3
478 863 565 892 non
598 845 788 900 instituti,
823 843 894 889 sed
914 843 1073 890 imbuti
1090 842 1229 889 sumus
1248 860 1265 894 3

10 922 98 969 ·ut,
134 912 166 958 fi
190 910 284 957 vita
317 911 457 956 nostra
477 910 524 956 in
547 908 713 971 aliquas
735 907 924 962 infidias,
964 906 994 953 fi
1023 907 1071 952 in
1086 907 1197 961 vim,
1231 906 1267 953 fi

39 975 88 1024 in
107 975 193 1023 tela
226 984 299 1021 aut
319 973 555 1028 latronum,
596 983 669 1018 aut
701 971 984 1017 inimicorum
1013 969 1227 1016 incidiss'et
1249 987 1264 1021 ;

38 1039 179 1086 omnis
215 1038 391 1084 honesta
407 1036 518 1083 ratio
540 1036 640 1082 effet
659 1034 943 1096 expediendae
964 1032 1125 1081 salutis.
1195 1035 1260 1079 Si·

39 1101 123 1150 lene
164 1101 283 1148 enim
339 1101 440 1163 leges
478 1103 590 1146 inter
625 1116 770 1153 arma,
823 1113 905 1144 nec
944 1095 985 1143 se
1022 1096 1267 1160 exspefi’tari

33 1164 200 1226 jubent,
259 1163 363 1211 cum
415 1163 473 1219 ei,
531 1163 605 1225 qui
658 1161 907 1222 exspectare
959 1161 1082 1215 velit,
1166 1157 1266 1207 ante

43 1227 191 1288 injusta
247 1243 379 1290 poena
415 1226 572 1273 luenda
607 1225 680 1281 fit,
715 1221 848 1286 quern
878 1225 989 1285 justa
1009 1225 1259 1286 repetenda.

34 1290 128 1345 ¹Etsi
162 1291 467 1353 persapienter,
523 1294 564 1336 δε
605 1289 937 1350 quodammodo
992 1285 1140 1344 tacite,
1194 1289 1269 1335 dat

42 1353 131 1417 ipsa
150 1354 224 1401 lex
271 1354 522 1416 potestatem
556 1352 828 1408 defendendi,
868 1367 964 1414 quae
1004 1367 1094 1398 non
1132 1351 1267 1398 modo

41 1417 267 1465 hominem
318 1417 478 1474 occidi,
529 1416 600 1463 sed
641 1417 722 1462 esse
783 1432 883 1462 cum
941 1414 1028 1461 telo
1071 1415 1267 1461 hominis

43 1481 265 1528 occidendi
315 1481 446 1528 caus&⁴
495 1492 613 1527 vetat
636 1498 646 1525 z
696 1490 757 1536 ut,
809 1480 912 1526 cum
972 1477 1110 1533 causa,
1175 1495 1266 1526 non

40 1545 171 1593 telum
209 1556 481 1608 quaereretur,
527 1544 603 1606 qui
644 1543 705 1589 sui
747 1542 1002 1589 defendendi
1037 1541 1165 1588 causa
1207 1555 1268 1588 te-

19 1607 88 1654 ’lo
105 1609 202 1656 effet
222 1609 330 1664 usus,
353 1625 442 1655 non
463 1607 655 1655 hominis
678 1606 903 1653 occidendi
921 1605 1050 1651 causei
1071 1606 1265 1652 habuisse

43 1670 172 1718 telum
196 1671 477 1732 judicaretur.
562 1672 843 1732 Quapropter
879 1670 965 1719 hoc
1007 1681 1180 1716 maneat
1218 1671 1265 1716 in

40 1736 183 1794 causa,
204 1735 386 1796 judiceS.
459 1736 569 1781 Non
590 1734 710 1779 enim
732 1734 901 1789 dubito,
935 1732 1041 1794 quin
1063 1733 1268 1795 probatu-

45 1810 112 1843 rus
151 1798 230 1845 fim
250 1799 374 1845 vobis
402 1797 695 1844 defensionem
718 1814 880 1851 meam,
925 1795 956 1841 fi
988 1796 1035 1841 id
1057 1798 1267 1842 memine-

39 1859 145 1917 ritis,
167 1862 283 1924 quod
304 1861 504 1908 oblivisci
526 1877 615 1907 non
653 1861 839 1922 potestiS,
875 1859 1170 1906 insidiatorem
1198 1860 1269 1920 ju-

0 1970 1 1986 *
41 1924 282 1971 reinterfici
311 1925 440 1986 pofl‘e.
507 1924 707 1986 Sequitur
728 1925 853 1980 illud,
887 1923 1004 1984 quod
1024 1919 1051 1968 ἓι
1082 1923 1268 1969 Milonis

39 1983 227 2034 inimicis
250 1986 470 2050 saepiffime
491 1988 668 2042 dicitur,
695 1988 893 2042 Caedem,
912 1988 958 2031 in
980 1987 1066 2048 qufi
1089 1987 1137 2032 P.
1166 1987 1268 2033 Clo-

6 2111 7 2114 *
40 2047 135 2103 dius
156 2051 318 2098 occisus
335 2053 408 2107 est,
443 2053 652 2098 Senatum
664 2050 869 2111 judicfiffe
892 2060 1043 2095 contra
1066 2049 1269 2111 rempub-

16 2147 20 2154 »
38 2108 170 2171 licam
189 2114 269 2161 effe
291 2114 465 2161 factam.
532 2114 663 2160 Illam
684 2114 786 2161 vero
803 2115 979 2159 Senatus
1003 2129 1089 2158 non
1103 2111 1270 2169 *senten2

36 2172 111 2222 πίε
142 2177 224 2223 suis
260 2176 415 2233 solum,
465 2176 536 2223 sed
578 2176 711 2222 etiam
763 2175 909 2222 studiis
944 2175 1266 2236 comprobavit.

42 2273 45 2300 3
63 2299 65 2301 v
120 2240 228 2287 oties
243 2240 362 2287 enim
385 2241 443 2286 est
464 2240 541 2286 illa
554 2238 678 2286 causa
701 2236 726 2285 ὲ
742 2240 867 2286 nobis
891 2240 987 2284 acta
1010 2239 1055 2283 in
1078 2239 1268 2285 Senatu?

65 2307 69 2310 ’
104 2299 195 2349 ibus
225 2303 528 2350 affentionibus
557 2303 744 2348 universi
781 2302 977 2349 ordinis?
1030 2299 1162 2362 quem
1184 2314 1271 2348 nec

37 2398 42 2403 .
71 2369 94 2429 J
114 2362 200 2420 itis,
244 2381 324 2412 nec
340 2366 515 2413 occultis
540 2369 556 2412 ?
591 2365 782 2428 Qando
802 2366 921 2412 enim
935 2364 1272 2426 frequentiffimo

28 2418 199 2498 &gnam
219 2440 415 2494 quatuor,
432 2430 489 2477 ad
508 2428 731 2539 sumrpum
745 2428 950 2492 quinque,
970 2428 1064 2476 sunt
1084 2423 1267 2492 inventi,

682 2507 709 2539 2
1192 2500 1269 2552 qui

16 199 21 206 t

11 247 25 271 ,¹1
