1437 2589
144 105 216 161 82
501 99 1046 161 ORATIO

139 194 526 258 proscriptionibus
558 196 775 242 bonorum
807 196 1052 258 defatigati,
1097 195 1300 257 permulti
1339 199 1382 243 δε

138 274 197 304 ex
213 259 335 314 urbe,
378 262 419 304 δε
451 274 506 303 ex
545 259 662 319 agris
690 258 765 305 se'
754 275 800 305 m
831 259 908 304 illa
939 260 1074 306 castra
1092 258 1290 305 conferre
1319 259 1384 304 di-

136 334 308 368 cuntur.
375 320 523 367 Hosce
538 336 628 382 ego
648 337 737 367 non
759 333 851 368 tam
883 321 1045 368 milites
1075 336 1210 377 acreS,
1249 337 1385 392 quam

138 384 406 431 insidiatores
444 384 580 429 lentos
617 383 698 429 effe
734 384 933 430 arbitror.
969 383 1044 446 qui
1075 384 1276 430 homines
1298 384 1386 445 pri-

139 463 281 502 mum,
318 446 350 492 fi
371 447 476 493 stare
491 462 582 492 non
596 446 778 522 poss'unt,
797 460 1026 493 corruant:
1051 443 1212 501 sedita,
1236 458 1284 492 ut
1297 461 1387 492 non

139 509 274 556 modo
295 508 466 564 civitas,
501 507 573 555 sed
606 506 662 554 ne
695 510 831 555 vicini
857 510 1036 571 quidem
1070 509 1266 570 proximi
1298 509 1387 555 sen-

136 573 262 619 tiant.
331 572 458 618 Nam
481 571 589 617 illud
622 588 712 618 non
745 573 966 645 intelligo,
1010 572 1315 634 quamobrem,
1353 572 1385 618 fi

137 635 216 680 viv
218 649 287 681 ere
303 632 475 681 honeste
497 651 585 680 non
602 636 784 694 possunt,
824 636 965 706 perire
987 635 1173 695 turpiter
1206 635 1382 680 velint·
1368 667 1382 686 ‚

137 710 212 744 aut
254 714 329 744 cur
362 698 533 743 minore
576 697 725 744 dolore
762 699 972 759 perituros
1002 697 1042 743 se
1075 713 1178 742 cum
1219 697 1382 753 multis,

137 776 273 822 quam
294 759 415 805 fisoli
434 772 627 821 pereant
668 761 967 806 arbitrentur
1011 761 1227 822 Qintum
1249 775 1384 821 genus

139 825 198 870 est
242 823 574 885 parricidarum,
625 822 892 878 ficariorum,
957 823 1142 884 denique
1184 823 1386 869 omnium

137 886 509 933 facinorosorum:
543 901 651 947 quos
672 901 759 947 ego
789 902 815 931 a
853 885 1047 931 Catilina
1084 900 1174 931 non
1210 901 1384 932 revoco.

140 949 270 996 Nam
290 964 428 1010 neque
450 948 600 994 divelli
619 948 675 994 ab
706 965 758 995 eo
795 949 1068 1009 posunt&
1090 961 1268 1010 pereant
1288 946 1388 994 sane

139 1012 186 1058 in
208 1012 475 1058 latrocinio·
463 1044 477 1065 ,
515 1012 726 1072 quoniam
746 1011 869 1056 sunt
859 1023 920 1056 ita
948 1011 1091 1066 multi,
1129 1023 1174 1056 ut
1206 1027 1278 1056 eos
1317 1028 1388 1057 ca-

139 1091 242 1137 pere
276 1091 421 1122 carcer
459 1090 548 1120 non
570 1075 708 1135 poffit.
777 1073 1043 1119 Postremum
1072 1086 1217 1120 autem
1251 1089 1384 1136 genus

141 1139 214 1194 est,
251 1154 337 1183 non
355 1138 494 1183 solum
516 1153 714 1192 numero,
749 1153 904 1183 verum
925 1137 1061 1182 etiam
1083 1152 1239 1199 genere
1272 1137 1383 1198 ipso,

137 1215 266 1262 atque
289 1202 397 1256 vita,
436 1200 554 1262 quod
576 1200 803 1262 proprium
821 1201 878 1246 est
904 1201 1121 1272 Catilinae,
1137 1201 1189 1246 de
1206 1201 1295 1260 ejus
1314 1201 1384 1246 de

138 1265 265 1319 lectu,
310 1265 450 1309 immo
467 1263 570 1309 vero
594 1264 645 1309 de
669 1264 901 1324 complexu
919 1264 1008 1323 ejus
1031 1280 1081 1309 ac
1114 1263 1239 1309 smu:
1277 1280 1383 1324 quos

137 1343 255 1388 pexo
277 1327 438 1388 capillo
474 1328 540 1372 ni
524 1327 650 1382 idos,
687 1338 760 1372 aut
782 1327 1015 1381 imberbeS,
1052 1340 1124 1372 aut
1146 1323 1255 1372 bene
1288 1327 1382 1372 bar-

138 1391 260 1436 batos
284 1391 469 1440 videtis;
506 1390 733 1435 manicatis
759 1394 798 1434 <Sc
822 1389 1027 1435 talaribus
1050 1390 1237 1436 tunicis·
1225 1422 1237 1440 ,
1277 1389 1384 1436 velis

138 1454 336 1507 amiClos,
372 1469 459 1499 non
482 1453 622 1514 togis:
659 1468 844 1514 quorum
867 1453 1008 1498 omnis
1028 1454 1233 1498 industria
1265 1452 1382 1509 vitae,

139 1522 180 1562 ἑ,-
191 1517 405 1578 vigilandi
423 1517 562 1571 labor,
583 1516 628 1560 in
650 1516 915 1562 antelucanis
939 1516 1072 1561 coenis
1093 1515 1380 1577 expromitur.
1412 1516 1419 1522 '

139 1580 195 1625 In
217 1580 284 1625 his
303 1580 510 1641 gregibus
548 1595 696 1624 omnes
735 1580 956 1634 aleatores,
996 1595 1144 1626 omnes
1183 1579 1381 1635 adulteri,

138 1659 289 1689 omnes
328 1643 490 1703 inmari
525 1642 839 1703 impudicique
856 1641 1088 1687 versantur.
1155 1642 1222 1688 Hi
1260 1643 1383 1703 pueri

136 1718 230 1751 tam
245 1706 398 1767 lepidi,
419 1722 469 1750 ac
491 1705 683 1762 delicati,
718 1722 802 1751 non
824 1704 963 1751 solum
997 1720 1143 1751 amare
1163 1709 1202 1750 δε
1227 1705 1381 1762 amari,

139 1785 277 1830 neque
301 1781 489 1823 cantare,
531 1769 755 1823 &saltare,
795 1768 865 1814 sed
897 1769 1031 1814 etiam
1069 1769 1171 1813 sicas
1194 1768 1381 1824 vibrare,

142 1837 182 1876 ἃ
215 1832 412 1892 spargere
441 1847 609 1877 venena
640 1831 922 1877 didice1·:unt
975 1832 1050 1892 qui
1090 1831 1169 1877 nisi
1205 1843 1382 1887 exeunt,

139 1894 220 1939 nisi
259 1911 334 1956 per
318 1906 451 1948 cunt,
508 1895 676 1940 etiamsi
731 1895 926 1940 Catilina
973 1894 1167 1954 perierit,
1233 1894 1386 1952 scitote

137 1957 224 2003 hoc
278 1975 323 2002 m
378 1957 527 2017 repub.
580 1957 859 2002 seminarium
909 1954 1220 2004 catilinarium
1273 1946 1385 2003 futu-

136 2036 248 2065 rum.
318 2022 618 2066 Veruntamen
652 2020 758 2081 quid
802 2020 881 2065 fibi
931 2020 996 2065 isti
1031 2020 1174 2066 miseri
1197 2019 1382 2067 volunt?
1405 2047 1415 2060 a

136 2099 243 2127 num
287 2082 377 2128 suas
427 2084 570 2128 secum
601 2083 874 2128 mulierculas
918 2082 1011 2128 sunt
1052 2083 1099 2129 in
1136 2083 1270 2130 castra
1305 2083 1381 2129 du-

135 2146 243 2191 &uri
277 2150 292 2191 ?
349 2146 720 2207 quemadmodum
756 2157 902 2191 autem
955 2146 1042 2191 illis
1084 2161 1228 2193 carere
1261 2156 1407 2207 pote-

139 2220 254 2263 runt,
292 2208 360 2253 his
399 2209 634 2269 praesertim
663 2209 758 2268 jam
801 2209 997 2255 nociibus
1032 2212 1048 2255 ?
1103 2225 1192 2272 quo
1234 2220 1411 2257 autem}

137 2272 263 2331 pacto
282 2271 344 2316 illi
375 2272 705 2332 Appenninum,
737 2283 866 2333 atque
884 2272 978 2317 illas
995 2272 1167 2333 pruinas
1189 2287 1241 2318 ac
1256 2272 1408 2318 nives
1402 2263 1419 2295 ¹⁴

134 2333 384 2393 perferent
374 2337 388 2369 Ρ
426 2334 506 2379 nisi
529 2335 693 2380 idcirco
713 2333 753 2379 se
772 2335 941 2381 facilius
958 2335 1154 2381 hiemem
1175 2336 1377 2381 toleratu·
1400 2328 1418 2382 F

136 2411 203 2442 ros
221 2408 386 2459 putant,
405 2397 547 2460 quod
536 2414 582 2446 m
604 2398 936 2447 conviviisnudi
954 2398 1102 2448 saltare
1119 2383 1418 2449 d1d1ce1unt⁸f

1346 2454 1393 2510 Q
