2912 4368
326 1053 403 1111 ‘In
451 1052 952 1114 CATILTNAM
1018 1056 1063 1115 Ι.
1259 1060 1341 1134 65

196 1144 287 1190 titas
310 1156 383 1192 aut
403 1145 617 1198 exstitiffe,
657 1157 728 1192 aut
750 1162 836 1192 non
856 1148 1077 1194 vindicata
1101 1147 1181 1193 effe
1200 1149 1346 1196 videa=

176 1207 177 1211 ’
252 1208 538 1254 Praetermitto
559 1207 702 1254 ruinas
725 1208 992 1256 fortunarum
1008 1223 1208 1263 tuarum3
1239 1230 1345 1276 quas

150 1285 252 1315 oles
285 1271 536 1333 impendere
573 1270 653 1316 tibi
689 1273 903 1333 proximis
926 1274 1068 1319 idibus
1089 1273 1254 1321 senties.
1292 1278 1347 1323 ad

143 1333 152 1342 '
196 1334 339 1389 venio,
376 1351 470 1396 quae
492 1350 578 1380 non
601 1334 656 1379 ad
678 1336 896 1396 privatam
927 1337 1226 1399 ignominiam
1246 1340 1347 1385 viti-

147 1418 157 1432 ·
197 1413 227 1442 n
248 1408 435 1453 tuorum,
461 1413 559 1443 non
580 1397 638 1443 ad
663 1399 945 1445 domesticam
968 1412 1088 1445 tuam
1121 1400 1345 1448 difficulta-

150 1465 173 1498 ιΞ
215 1461 617 1522 εεωῑΡίειῑάἰηειῃ,
654 1462 725 1507 sed
742 1463 797 1507 ad
826 1462 1041 1508 summam
1078 1464 1247 1525 reipub.
1282 1477 1346 1512 at-

145 1545 155 1561 ·
212 1523 268 1568 ad
290 1525 490 1570 omnium
524 1525 714 1570 nostrum
736 1525 876 1571 vitam
914 1526 1176 1588 salutemque
1215 1529 1345 1589 perti-

203 1621 211 1631 .
258 1585 449 1632 Pote'stne
472 1587 553 1633 tibi
574 1587 697 1647 hujus
706 1588 808 1634 vitae
823 1589 916 1634 haec
933 1590 1026 1644 lux,
1045 1590 1252 1646 Catilina,
1269 1604 1343 1638 aut

197 1665 219 1694 .s
229 1651 334 1695 coeli
344 1650 516 1711 spiritus
532 1651 611 1696 esse
626 1651 855 1710 jucundus,
867 1651 968 1698 ciim
980 1652 1035 1697 sci
1041 1669 1084 1697 as
1094 1653 1251 1699 horum
1261 1655 1343 1700 effe

198 1713 335 1768 inem,
373 1714 449 1775 qui
469 1713 629 1759 nesciat
642 1726 684 1759 te
707 1714 849 1775 pridie
869 1716 1050 1760 Calend.
1084 1716 1183 1777 Jan.
1210 1717 1342 1778 Lepi-

158 1785 171 1808 s
197 1795 211 1821 ε
227 1776 363 1822 Tullo
399 1777 497 1822 Cos.
522 1777 669 1823 stetiffe
693 1777 739 1822 in
760 1778 942 1824 comitio
964 1795 1066 1825 cum
1088 1777 1174 1825 telo
1198 1783 1213 1825 ?
1248 1797 1341 1827 ma·-

203 1874 216 1893 ‚
254 1840 491 1885 Consulum
523 1844 562 1885 &
588 1840 838 1901 principum
873 1841 1062 1888 civitatis
1084 1842 1340 1890 interficien-

196 1918 242 1947 m
265 1903 408 1958 causei,
432 1903 640 1964 paraviffe
665 1907 680 1949 ?
716 1904 879 1958 sceleri,
912 1920 964 1950 ac
980 1905 1115 1951 furori
1138 1917 1227 1961 tu0,
1251 1923 1339 1954 non

199 1976 288 2011 tem
310 1967 518 2028 aliquam,
555 1978 628 2012 aut
646 1966 853 2013 timorem
867 1978 1004 2024 tuum,
1036 1968 1107 2014 sed
1120 1969 1339 2016 fortunam

195 2028 277 2074 abl.
302 2029 502 2076 obstitiffe
522 2033 536 2075 ?
562 2031 631 2075 Ac
642 2030 735 2090 jam
759 2030 834 2075 illa
851 2031 1008 2076 omitto
1029 2050 1038 2076 :
1062 2047 1202 2094 neque
1218 2035 1339 2080 enim

209 2103 286 2138 aut
318 2092 512 2146 obscura,
551 2104 624 2139 aut
653 2110 741 2138 non
763 2094 900 2139 multa
927 2094 1072 2156 postea
1093 2097 1334 2151 commifl'a,

194 2154 254 2200 ies
273 2166 318 2201 tu
339 2173 410 2202 me
432 2156 718 2218 designatum,
739 2157 905 2218 quotIes
929 2173 1000 2203 me
1023 2158 1241 2204 consulem
1263 2160 1330 2205 in-

153 2249 158 2253 *
192 2234 277 2264 :ere
291 2232 464 2265 conatus
481 2224 554 2266 es?
575 2232 681 2281 quot
702 2236 786 2283 ego
805 2232 895 2266 tuas
906 2221 1135 2282 petitiones
1153 2220 1215 2268 itti
1236 2239 1337 2269 con-

148 2308 159 2317 ·
191 2297 234 2337 ιε,
271 2294 318 2328 ut
347 2283 479 2328 vitari
502 2284 616 2344 pofl‘e
638 2300 728 2329 non
762 2284 1023 2339 viderentur,
1059 2286 1198 2346 parv&
1231 2303 1334 2348 qua-

209 2345 509 2401 declinatione,
538 2351 594 2402 Sc,
629 2359 672 2393 ut
703 2347 840 2402 aiunt,
864 2364 1045 2408 corpore
1061 2349 1195 2410 effugi
1219 2353 1233 2395 ?
1267 2350 1333 2395 ni-

190 2408 284 2470 .gis,
319 2410 433 2454 nihil
455 2410 695 2471 assequeris,
731 2411 841 2455 nihil
859 2411 1043 2466 moliris,
1078 2413 1195 2474 quod
1218 2413 1331 2458 mihi

190 2487 218 2516 ‘e
240 2472 382 2518 valeat
404 2473 449 2518 in
472 2484 667 2534 tempore
688 2492 696 2518 :
732 2489 872 2535 neque
903 2486 1059 2521 ¹tamen
1094 2476 1242 2521 conari
1281 2492 1332 2523 ac

190 2534 380 2580 :desistis.
451 2537 738 2599 Qiotiesjam
771 2538 959 2599 [quoties
986 2539 1103 2600 jam]
1137 2538 1218 2584 tibi
1257 2555 1333 2584 ex-

189 2618 198 2642 L
217 2598 275 2643 est
291 2598 376 2644 fica
397 2599 474 2644 ista
505 2600 557 2645 de
575 2600 774 2646 manibus
799 2605 814 2646 ?
850 2602 1016 2661 quoties
1049 2601 1149 2647 vero
1165 2603 1332 2650 excidit

201 2661 364 2723 aliquo,
397 2667 437 2708 δε
461 2663 602 2723 elapsa
623 2663 679 2708 est
699 2667 715 2709 ?
749 2674 894 2709 tamen
918 2664 970 2710 eit
1003 2679 1147 2710 carere
1169 2665 1330 2711 diutins

148 2753 151 2761 =
193 2736 340 2785 potes:
375 2742 470 2787 quae
494 2726 672 2786 quidem
710 2727 865 2787 quibus
899 2728 974 2773 abs
998 2739 1039 2773 te
1062 2728 1235 2774 initiata
1267 2728 1330 2774 sa-

187 2804 235 2833 ac
250 2789 406 2834 devota
429 2789 478 2834 fit
496 2789 653 2843 nescio,
674 2789 789 2850 quod
810 2806 909 2836 eam
929 2791 1089 2837 necesse
1107 2803 1228 2852 putas
1247 2793 1328 2837 effe

188 2851 281 2896 sulis
305 2853 350 2897 in
372 2868 551 2913 corpore
574 2852 772 2914 defigere.
842 2854 977 2900 Nunc
999 2854 1117 2908 vero,
1142 2871 1236 2915 quae
1254 2866 1329 2901 tua

188 2914 379 2961 tavita?
414 2915 470 2960 sic
501 2916 621 2960 enim
652 2916 745 2975 jam
784 2928 929 2962 tecum
967 2919 1136 2979 loquar,
1173 2933 1259 2962 non
1283 2930 1329 2964 ut

223 2989 443 3039 permotus
465 2979 544 3024 ess'e
575 2978 737 3034 videar,
774 2995 860 3040 quo
884 2980 1019 3027 debeo
1039 2999 1051 3031 3
1088 2980 1158 3025 sed
1180 2992 1225 3026 ut
1247 2982 1330 3026 mi-

189 3041 328 3096 ordizi,
364 3057 460 3102 quae
496 3041 579 3087 tibi
602 3042 720 3087 nulla
741 3042 933 3088 debetur.
1005 3043 1173 3088 Venisti
1197 3043 1328 3104 paul&

207 3103 252 3149 in
265 3105 493 3150 Senatum:
518 3104 612 3166 quis
638 3106 677 3149 {e
695 3121 749 3150 ex
769 3106 852 3151 hac
872 3106 1253 3167 tantafrequentia,
1272 3122 1330 3151 ex

186 3167 249 3212 uis
284 3167 437 3212 amicis
461 3183 510 3212 ac
532 3169 774 3215 necessariis
803 3168 1034 3215 salutavit?
1071 3170 1101 3215 si
1119 3170 1204 3214 hoc
1236 3170 1328 3230 post

192 3229 311 3275 inum
352 3230 631 3285 memoriam,
668 3232 856 3293 contigit
888 3232 1070 3286 nemini,
1105 3232 1225 3277 vocis
1252 3248 1327 3277 ex-

135 3315 138 3321 ·
185 3308 240 3338 ias
258 3294 584 3347 contumeliam,
619 3294 786 3339 chmsis
812 3295 1248 3356 graviffimo-judicio
1268 3307 1328 3340 ta-

133 3373 143 3388 ·
186 3355 339 3404 nitatis
390 3356 603 3420 oppressus.
623 3361 636 3403 ?
685 3358 806 3421 quid,
858 3359 972 3421 quod
1026 3359 1212 3406 adventu
1255 3371 1330 3404 tuo

1248 3422 1326 3466 ista

7 2011 59 2021 αρν.

9 2031 35 2040 ⁴.st
40 2024 94 2039 ;;;;;
