1437 2589
140 111 257 170 Pro
290 109 371 173 T.
410 111 521 169 Au
543 109 822 168 N²100M31
849 130 1066 169 LONE.
1162 132 1267 191 193

2 204 328 250 ‘'Decernebat
360 204 496 258 enim,
536 216 582 249 ut
619 205 832 250 veteribus
866 204 1053 266 legibus,
1092 212 1275 252 tantum-

40 268 185 313 ›modo
219 280 350 314 extra
386 267 597 322 ordinem,
652 282 921 329 quaereretur.
992 269 1143 314 Divisa
1187 270 1276 316 sen-

51 331 182 376 tentia
203 331 275 385 est,
312 331 548 392 postulante
569 330 711 376 nescio
729 347 829 393 quo.
898 331 1030 377 Nihil
1064 332 1181 378 enim
1204 351 1277 380 ne-

50 393 156 439 ceffe
187 395 246 439 est
268 394 469 439 omnium
507 409 577 438 me
602 395 769 456 flagitia
791 396 997 455 proferre.
1023 395 1080 440 fic
1113 397 1278 458 reliqua

48 457 276 504 austeritas
292 459 485 514 Senatu5‚
518 458 987 518 empta-intercessicne,
1021 458 1183 506 sublata
1199 461 1273 506 εΗ.

51 519 247 566 Atenim
266 522 351 571 Cn.
387 522 622 583 Pompeius
641 521 869 584 rogatione
888 522 962 568 sua
986 526 1025 567 Sc
1055 524 1107 569 de
1138 539 1199 577 re,
1234 529 1274 570 ἃς

49 582 103 627 de
126 583 254 629 causa
281 584 507 643 judicavit.
575 585 703 631 Tulit
725 586 842 630 enirn
865 586 917 631 de
945 586 1075 641 cz-ede,
1112 603 1206 648 quae
1231 588 1274 633 in

35 646 206 709 Appia
235 647 313 694 via
333 647 445 693 faeta
481 649 595 700 effer,
634 648 679 693 in
717 648 804 710 qua
826 649 875 693 P.
904 648 1081 695 Clodius
1113 651 1274 697 occisus

48 709 145 755 fuit.
213 711 334 773 Qid
368 726 476 773 ergo
506 711 605 757 tulit
628 715 644 757 ?
691 727 865 773 nempe,
913 724 958 758 ut
1001 726 1271 773 quaereretur.

50 773 175 836 Qid
194 773 324 834 porro
340 775 619 835 quaerendum
634 775 692 820 est
717 779 732 821 ?
757 776 974 821 faetumne
997 776 1070 824 fit?
1110 790 1155 823 at
1175 795 1275 824 con-

48 837 139 882 stat.
175 838 218 882 A
241 852 327 898 quo
351 841 369 885 ἕ
405 849 449 883 at
479 852 613 900 paret.
650 838 763 884 vidit
783 839 915 885 etiam
953 841 998 885 in
1020 841 1275 887 confessione

43 900 165 957 fasti,
196 899 305 960 juris
328 910 474 948 tamen
502 900 792 947 defenfionem
819 902 973 963 suscipi
999 905 1127 965 poffe.
1160 906 1275 967 quod

47 962 128 1010 nisi
151 964 332 1021 vidisset,
358 965 472 1027 poss'e
494 964 658 1011 absolvi
678 981 778 1011 eum
799 966 874 1027 qui
909 969 1125 1022 fateretur,
1171 971 1274 1014 cum

49 1026 219 1074 videret
244 1044 321 1075 nos
345 1028 469 1075 fateri
488 1045 501 1078 3
535 1043 688 1089 neque.
709 1029 845 1090 quaeri
877 1045 1070 1092 unquam
1087 1031 1269 1090 juffifl'et,

48 1106 129 1137 nec
141 1090 267 1137 vobis
281 1103 375 1138 tam
388 1091 620 1139 salutarem
633 1092 747 1137 hanc
765 1093 813 1137 in
831 1092 1068 1155 judicando
1083 1094 1270 1154 literam,

47 1151 182 1215 quam
229 1155 354 1202 illam
393 1154 570 1211 tristem,
631 1154 822 1201 dediffet.
890 1157 1013 1202 Mihi
1050 1158 1152 1204 vero
1188 1162 1269 1207 Cn‚

46 1218 280 1279 Pompeius
296 1235 384 1266 non
406 1219 538 1266 modo
550 1218 665 1264 nihil
686 1219 859 1280 gravius
881 1232 1031 1267 contra
1048 1221 1272 1270 Milonem

39 1281 264 1342 judicasse,
299 1282 368 1328 sed
390 1283 525 1328 etiam
546 1282 726 1328 statuisse
747 1282 932 1338 videtur,
981 1284 1087 1346 quid
1108 1301 1184 1330 vos
1225 1288 1271 1333 in

37 1344 278 1406 judicando
318 1346 506 1406 spefiare
533 1356 767 1407 oporteret.
836 1347 961 1392 Nam
978 1347 1051 1408 qui
1076 1363 1164 1394 non
1182 1365 1272 1410 poe-

44 1424 149 1454 nam
178 1408 440 1464 confeffioni,
474 1407 547 1454 sed
569 1408 859 1454 defensionem
874 1409 1006 1465 dedit,
1041 1411 1076 1456 is
1099 1412 1270 1460 causam

44 1470 245 1518 interitus
265 1471 556 1534 quaerendam,
585 1487 675 1518 non
694 1471 915 1519 interitum
936 1474 1118 1534 putavit.
1167 1476 1270 1536 Jam

44 1533 149 1581 illud
181 1534 298 1581 dicet
338 1536 427 1596 ipse
455 1534 664 1596 profeffl‘),
698 1536 815 1597 quod
855 1536 928 1583 sua
965 1538 1111 1598 sponte
1147 1538 1267 1596 fecit,

44 1596 257 1644 Publione·
282 1597 443 1644 Clodio
477 1598 753 1644 tribuendum
775 1599 948 1660 putarit,
985 1616 1042 1646 an
1063 1604 1266 1663 tempori.

46 1660 187 1706 Domi
210 1660 292 1706 suae
313 1661 592 1707 nobiliflirnus
613 1661 696 1717 vir,
731 1664 913 1708 Senatus
951 1679 1266 1726 propugnator,

43 1726 172 1784 atque
214 1724 299 1769 illis
321 1725 497 1785 quidem
533 1724 800 1785 temporibus
829 1723 939 1785 pene
973 1740 1191 1788 patronus,
1227 1746 1272 1775 a-

42 1787 250 1833 vunculus
284 1787 410 1846 hujus
447 1788 574 1833 nostri
606 1787 781 1846 judicis,
816 1789 1027 1835 fortiffimi
1057 1790 1159 1845 viri,
1195 1794 1265 1839 M.

46 1849 242 1904 Catonis,
278 1850 502 1895 Tribunus
538 1850 679 1911 plebis
703 1852 773 1897 M.
801 1851 983 1908 DrusuS,
1015 1853 1175 1899 occisus
1192 1856 1263 1902 est.

44 1912 180 1957 Nihil
202 1913 254 1957 de
274 1913 360 1972 ejus
379 1924 518 1959 morte
538 1915 720 1976 populus
749 1913 977 1971 consultus,
1021 1917 1138 1963 nulla
1155 1934 1270 1979 quae·

43 1975 122 2020 stio
138 1975 309 2021 decreta
323 1974 348 2022 ὲ
364 1978 520 2023 Senatu
539 1977 609 2022 est.
679 1978 903 2040 Qantum
924 1979 1086 2026 melum
1111 1980 1155 2024 in
1182 1981 1270 2028 hac

43 2038 150 2084 urbe
185 2038 305 2085 fuiffe
342 2037 368 2084 ὲ
395 2039 544 2086 nostris
576 2040 769 2101 patribus
792 2042 1055 2103 accepimus,
1089 2044 1190 2089 cum
1215 2046 1262 2090 P.

44 2101 259 2147 Africano
280 2102 401 2148 dorni
424 2103 506 2148 suae
522 2102 754 2164 quiescenti
771 2104 849 2150 illa
861 2106 1069 2152 nofturna
1085 2107 1151 2150 vis
1168 2107 1268 2160 efl'et

43 2164 166 2211 illata
189 2168 204 2210 ?
239 2165 332 2226 quis
355 2177 448 2211 tum
471 2182 557 2212 non
577 2167 746 2228 gemuit
769 2171 785 2213 ?
814 2168 908 2229 quis
927 2185 1013 2214 non
1031 2169 1127 2214 arsit
1149 2169 1268 2215 dolo-

42 2243 89 2273 re
113 2231 129 2274 ἓ
172 2243 301 2289 quem
324 2228 635 2284 immortalem,
672 2229 703 2275 fi
725 2230 815 2276 fieri
839 2231 986 2292 poffet,
1023 2247 1172 2277 omnes
1206 2232 1267 2278 es-

11 2342 13 2344 ,
40 2290 81 2346 se
101 2304 318 2352 cuperent,
356 2292 446 2352 ejus
467 2309 520 2338 ne
540 2293 816 2339 necessariam
845 2294 1024 2356 quidem
1046 2293 1266 2356 exspeCia-

43 2365 134 2398 tam
154 2353 235 2398 effe
251 2365 438 2401 mortem
462 2360 478 2401 ?
513 2372 616 2401 num
634 2355 769 2416 igitur
785 2357 874 2403 ulla
890 2357 1063 2417 quaestio
1078 2358 1130 2402 de
1147 2358 1268 2404 Afri·

44 2416 141 2462 cani
159 2427 298 2464 morte
319 2418 406 2465 lata
420 2419 478 2464 est
502 2423 516 2464 ?
552 2417 666 2466 certe
689 2419 820 2465 nulla.
887 2419 1011 2482 Qid
1026 2420 1120 2468 ita?
1158 2421 1262 2480 quia

640 2483 660 2528 I
701 2496 722 2541 3
1173 2500 1259 2530 non
