1437 2589
231 116 307 175 'In
352 113 853 172 CATILINAM
919 112 964 171 Ι.
1159 115 1241 189 65

21 209 196 260 manitas
216 218 288 254 aut
307 204 519 257 exstitiffe,
558 215 630 250 aut
651 220 737 250 non
757 204 978 250 vindicata
1002 203 1082 249 effe
1101 205 1247 251 videa-

20 286 100 322 tur.
160 270 440 318 Praetermitto
461 266 603 313 ruinas
626 266 894 313 fortunarum
909 279 1109 318 tuarum3
1141 285 1246 331 quas

26 350 162 384 omnes
192 332 438 395 impendere
474 329 555 375 tibi
591 330 805 391 proximis
827 330 970 376 idibus
991 329 1156 375 senties.
1193 332 1248 377 ad

25 399 94 446 illa
107 397 246 452 venio,
280 412 374 458 quae
395 409 481 440 non
503 392 558 438 ad
580 394 799 454 privatam
829 393 1127 455 ignominiam
1148 394 1249 440 viti-

25 476 139 509 orum
158 471 339 514 tuorum,
364 472 462 503 ,non
482 455 540 501 ad
565 457 848 502 domesticam
870 468 991 502 tuam
1023 455 1248 502 difficulta-

28 520 520 584 temacturpitudinem,
557 519 628 565 sed
645 520 700 565 ad
729 519 944 565 summam
981 519 1150 580 reipub.
1184 531 1249 566 at-

24 603 100 651 que
125 586 178 632 ad
198 585 394 631 omnium
427 583 617 628 nostrum
639 583 779 629 vitam
817 582 1080 643 salutemque
1117 583 1249 644 perti-

16 660 126 698 nent.
168 646 354 694 Potestne
376 646 457 693 tibi
477 645 601 705 hujus
609 646 712 691 vitae
727 646 820 691 haec
837 646 930 700 lux,
948 645 1156 701 Catilina,
1173 658 1247 692 aut

15 710 420 774 thuscoelispiritus
435 709 515 754 effe
530 708 759 768 jucundus,
771 708 872 754 cum
883 708 988 753 scias
997 708 1155 753 horum
1165 709 1247 754 effe

18 775 243 830 neminem,
279 774 354 836 qui
373 772 533 818 nesciat
545 784 588 817 te
611 771 753 833 pridie
774 772 954 817 Calend.
988 772 1088 832 Jan.
1114 771 1246 833 Lepi-

21 837 270 886 do&Tullo
305 836 402 882 Cos.
426 835 574 882 stetiffe
597 835 643 880 in
664 834 846 881 comitio
869 851 971 880 cum
992 832 1079 880 telo
1103 838 1118 880 ?
1152 851 1246 881 ma»

21 917 132 957 num,
166 900 397 947 Consulum
428 903 467 944 &
493 898 743 960 principum
778 897 968 944 civitatis
989 897 1246 944 interficien-

16 964 156 1012 dorum
176 964 316 1019 causa,
339 962 546 1025 paraviffe
571 965 586 1008 ?
621 961 785 1016 sceleri,
817 976 869 1006 ac
886 960 1021 1006 furori
1038 972 1133 1015 tuo,
1157 977 1245 1008 non

16 1038 200 1075 mentem
220 1028 425 1089 aliquam,
461 1038 534 1071 aut
552 1025 759 1071 timorem
772 1035 911 1080 tuum,
942 1023 1013 1070 sed
1026 1023 1245 1071 fortunam

23 1089 190 1153 reipubl.
213 1089 408 1137 obstitiffe
429 1092 443 1135 ?
468 1090 538 1135 Ac
548 1089 642 1149 jam
665 1088 741 1133 illa
757 1088 915 1133 omitto
935 1105 944 1132 :
968 1102 1108 1149 neque
1124 1088 1246 1134 enim

9 1150 108 1216 ,suut
126 1164 198 1200 aut
228 1153 420 1206 obscura,
457 1163 531 1198 aut
560 1168 648 1197 non
670 1151 807 1197 multa
834 1150 979 1213 postea
999 1151 1242 1205 commissa,

8 1215 169 1279 „quoties
185 1227 229 1263 tu
250 1233 319 1263 me
340 1215 625 1278 designatum,
646 1214 813 1276 quoties
837 1230 908 1260 me
931 1213 1149 1260 consulem
1170 1214 1237 1259 in-

5 1278 191 1334 :texfioere
203 1291 373 1326 conatus
389 1284 462 1326 es?
483 1290 589 1340 quot
609 1294 694 1341 ego
713 1290 803 1324 tuas
813 1277 1043 1339 petitiones
1061 1275 1123 1323 ita
1143 1293 1244 1323 con-

5 1339 152 1402 ·jeQas‚
185 1354 230 1389 ut
258 1343 387 1389 vitari
411 1343 524 1404 poffe
547 1358 636 1388 non
670 1341 932 1395 viderentur,
968 1340 1106 1402 parva
1139 1356 1242 1403 qua-

19 1403 418 1461 damdeclinatione,
446 1411 503 1461 &,
537 1418 581 1451 ut
611 1405 749 1460 aiunt,
773 1420 953 1465 corpore
970 1404 1104 1465 effugi
1127 1407 1142 1450 ?
1176 1404 1242 1448 ni-

6 1465 79 1514 hil
92 1469 199 1532 agis,
232 1470 343 1515 nihil
364 1469 604 1531 assequeris,
640 1468 751 1513 nihil
768 1467 953 1522 moliris,
987 1467 1105 1529 quod
1127 1467 1241 1512 mihi

14 1529 137 1578 latere
157 1532 294 1579 valeat
315 1533 360 1579 in
382 1544 606 1593 tempore:
641 1547 782 1593 neque
813 1542 969 1577 tamen
1003 1530 1152 1575 conari
1190 1545 1242 1577 ac

21 1592 293 1641 velledefistis.
361 1596 542 1659 Qoties
556 1596 649 1655 jam
680 1594 869 1657 [quoties
896 1594 1013 1655 jam]
1047 1592 1128 1638 tibi
1167 1608 1243 1638 ex-

18 1658 192 1704 torta'est
206 1658 289 1705 fica
309 1659 385 1704 ista
416 1659 468 1704 de
486 1659 685 1704 manibus
710 1662 725 1704 ?
761 1658 927 1718 quoties
959 1655 1060 1702 vero
1076 1656 1243 1703 excidit

6 1718 108 1765 *casu
121 1721 279 1784 aliquo,
310 1727 350 1768 δε
373 1722 513 1782 elapsa
534 1722 591 1767 est
610 1725 626 1767 ?
660 1732 806 1766 tamen
829 1720 881 1767 ea
914 1735 1058 1765 carere
1080 1719 1242 1765 diutius

6 1795 99 1845 ‘non
114 1795 256 1847 potes:
289 1802 383 1847 quae
406 1785 584 1846 quidem
622 1785 777 1845 quibus
811 1784 886 1829 abs
909 1795 951 1829 te
974 1782 1147 1829 initiata
1178 1782 1242 1827 sa-

6 1843 95 1924 >ctis
108 1861 156 1893 ac
168 1848 321 1894 devota
342 1849 391 1894 fit
409 1848 566 1902 nescio,
586 1847 701 1909 quod
722 1863 821 1894 eam
841 1847 1001 1893 neceffe
1019 1857 1140 1907 putas
1159 1846 1240 1891 effe

21 1904 200 1958 Consulis
222 1912 266 1957 in
287 1927 464 1972 corpore
487 1911 685 1972 defigere.
755 1911 890 1956 Nunc
912 1909 1030 1964 vero,
1055 1925 1148 1970 quae
1167 1920 1242 1954 tua

18 2027 24 2038 ι
57 1966 295 2029 ,ώνίῐαὲ
329 1974 385 2020 fic
415 1975 534 2020 enim
556 2027 559 2029 ,
565 1974 659 2034 jam
697 1985 843 2020 tecum
880 1975 1049 2034 loquar,
1086 1987 1172 2016 non
1195 1983 1243 2018 ut

87 2034 124 2099 α’
145 2048 359 2098 permotus
380 2038 459 2084 esse
488 2037 652 2092 videar,
687 2053 774 2098 quo
797 2037 933 2083 debeo
953 2054 966 2087 3
1001 2035 1072 2080 sed
1093 2046 1139 2080 ut
1160 2035 1244 2080 mi-

17 2151 25 2162 ,
141 2099 248 2155 rdia,
282 2116 376 2161 quae
411 2100 494 2146 tib'i
517 2100 635 2145 nulla
655 2100 847 2146 debetur.
918 2097 1087 2144 Venisti
1111 2096 1243 2158 paul-5

15 2208 22 2212 .
88 2210 107 2223 u
130 2160 176 2208 in
187 2163 410 2209 Senatum:
434 2163 528 2224 quis
552 2164 592 2208 te
609 2179 664 2208 ex
684 2163 767 2209 hac
787 2162 1168 2222 tantafrequentia,
1187 2175 1245 2205 ex

19 2224 174 2296 ᾮῐηίε
206 2226 355 2272 amicis
378 2241 426 2271 ac
448 2227 689 2273 necessariis
718 2225 950 2271 salutavit?
986 2225 1017 2270 si
1035 2225 1120 2269 hoc
1152 2223 1270 2284 post*

15 2276 234 2350 nquiuum
272 2289 548 2344 memoriam,
584 2289 772 2350 contigit
803 2288 986 2342 nemini,
1020 2286 1141 2332 vocis
1168 2301 1243 2331 ex-

19 2342 502 2419 fffissascontumeliam‚
535 2352 636 2398 curn
654 2352 703 2397 fis
729 2350 1165 2413 graviffimojudicio
1184 2361 1244 2394 ta-

20 2410 262 2478 Qtuitatis
310 2415 554 2479 oppressus?
601 2415 723 2479 quid,
774 2416 889 2478 quod
943 2414 1129 2461 adventu
1172 2424 1247 2457 tuo

23 2507 27 2511 ,
46 2490 121 2547 ⁷:⁴4³·
1165 2475 1243 2520 isla

39 2544 195 2589 *mci-⁴„-
1214 2556 1230 2586 1
