1437 2589
146 136 262 195 Pro
291 133 372 192 T.
405 133 682 192 Ammo
723 128 1088 187 MrLoNE.
1173 141 1289 200 215

66 227 359 275 interfestores
392 225 628 285 implerunt
669 221 824 268 orbem
858 230 1069 273 terrarum
1098 217 1294 263 nominis

65 291 128 335 sui
154 288 297 351 gloria
314 306 324 334 z
341 287 411 333 sed
427 302 530 332 eum
555 284 743 344 (auderet
762 283 884 333 enim
903 281 1063 334 dicere,
1089 280 1192 326 cum
1215 294 1293 340 pa-

66 353 199 398 triam
214 350 406 412 periculo
427 348 502 394 suo
523 347 750 405 liberasset)
780 344 898 403 cujus
920 342 1154 390 nefandum
1175 341 1296 387 adul*-

66 415 226 460 terium
247 413 295 460 in
321 410 619 474 pulvinaribus
640 407 901 453 sanstiffimis
924 406 1193 452 nobilissimae
1215 404 1296 449 foe-

66 477 204 522 minae
238 473 664 535 comprehenderunt
686 488 696 515 :
742 486 860 523 eum,
920 468 1039 527 oujus
1082 465 1296 528 supplicio

66 540 249 585 Senatus
270 537 477 584 solemnes
501 535 730 595 religiones
760 530 999 593 expiandas
1019 529 1129 590 saepe
1149 527 1296 576 censu-

66 601 104 646 it
127 618 137 646 :
170 615 289 654 eum,
313 615 445 660 quem
466 613 565 643 cum
587 598 729 641 sorore
747 609 957 656 germana
978 591 1193 638 nefarium
1215 591 1296 636 stu-

66 677 198 723 prum
218 662 362 708 feciffe
384 661 438 706 L.
462 660 665 706 Lucullus
690 658 854 718 juratus
889 655 948 710 se,
994 652 1297 714 quaestionibus

69 725 248 779 habitis,
282 724 398 770 dixit
415 721 698 782 comperisse:
731 735 850 774 eum,
874 718 950 779 qui
978 718 1140 771 civem,
1162 730 1299 778 quem

65 789 262 841 SenatuS,
299 801 432 847 quem
463 784 662 845 populus,
695 798 826 843 quem
846 795 996 827 omnes
1030 790 1195 840 genteS,
1228 793 1299 824 ur·

65 848 133 895 bis
155 865 208 895 ac
228 849 331 894 vitae
351 847 519 893 civium
538 845 887 892 conservatorem
903 842 1175 903 judicabant,
1212 839 1295 886 ser-

68 926 228 957 vorum
252 910 384 957 armis
420 907 766 955 exterminavit:
800 922 916 960 eum,
947 905 1023 966 qui
1045 919 1181 965 regna
1219 903 1299 949 de-

67 973 149 1028 dit,
195 973 393 1021 ademit3
428 972 585 1017 orbem
604 982 833 1024 terrarum,
859 966 1114 1030 quibuscum
1137 966 1297 1021 voluit,

68 1035 249 1096 partitus
271 1036 355 1080 est:
389 1048 508 1088 eum,
553 1033 629 1093 qui
666 1031 866 1093 plurimis
903 1029 1094 1075 caedibus
1122 1029 1172 1074 in
1199 1027 1300 1075 foro

68 1097 211 1152 fastis,
245 1096 449 1157 singulari
468 1096 631 1141 virtute
656 1100 697 1141 δε
720 1093 865 1155 gloria
885 1093 1030 1138 civem
1051 1091 1234 1137 domum
1249 1091 1297 1137 vi

68 1164 113 1205 δε
145 1159 277 1205 armis
298 1157 534 1218 compulit:
566 1173 686 1212 eurn,
730 1158 801 1203 cui
819 1155 933 1201 nihil
963 1169 1156 1215 unquam
1176 1153 1298 1201 nefas

69 1221 156 1267 fuit
190 1236 271 1266 nec
305 1221 354 1266 in
388 1220 597 1275 facinore,
634 1235 716 1265 nec
737 1220 785 1264 in
803 1216 1023 1264 libidine:
1057 1232 1176 1272 eum,
1219 1215 1300 1278 qui

71 1284 210 1329 aedem
231 1283 552 1344 Nympharum
585 1283 793 1337 incendit,
827 1292 877 1326 ut
904 1280 1169 1326 memoriam
1189 1278 1301 1340 pub-

68 1346 203 1392 licam
243 1345 498 1392 recensionis
538 1346 696 1391 tabulis
716 1343 902 1406 publicis
939 1342 1187 1403 impressam
1222 1356 1301 1387 ex-

67 1408 332 1470 stingueret:
365 1423 484 1463 eum,
530 1407 734 1469 denique,
772 1406 843 1452 cui
878 1405 973 1464 jam
1008 1404 1128 1450 nulla
1158 1404 1232 1449 lex
1254 1420 1299 1450 e·

68 1481 153 1525 rat,
190 1470 358 1516 nullum
378 1471 508 1516 civile
521 1471 608 1530 jus,
631 1471 740 1515 nulli
761 1469 1057 1530 poss'essionum
1077 1465 1254 1512 termini
1279 1483 1296 1517 ς

67 1534 146 1594 qui
168 1548 260 1578 non
301 1531 522 1579 calumnia
562 1532 723 1587 litium,
767 1547 857 1577 non
893 1529 1054 1589 injustis
1091 1528 1301 1588 vindiciis

67 1610 121 1641 ac
142 1594 416 1641 sacramentis
439 1595 602 1641 alienos
618 1594 790 1648 fund05,
807 1592 880 1639 sed
894 1592 1053 1645 castris,
1087 1590 1298 1648 exercitu,

70 1657 201 1719 fignis
223 1657 455 1703 inferendis
475 1658 650 1718 petebat
673 1675 684 1702 ε
718 1657 794 1717 qui
820 1670 910 1701 non
935 1654 1073 1700 solum
1095 1652 1299 1700 Etruscos

72 1724 161 1780 (eos
197 1719 322 1766 enim
356 1719 526 1781 penitus
564 1717 891 1779 contempserat)
936 1716 1009 1762 sed
1049 1716 1165 1761 hunc
1204 1717 1296 1762 Cn.

6 1838 8 1840 Ι
70 1782 349 1844 Pompeium,
382 1783 528 1826 virum
562 1776 860 1835 fortissimum,
912 1791 1040 1841 att-{ue
1072 1777 1296 1838 optimum

69 1844 232 1900 civem,
251 1844 448 1903 judicem
468 1844 674 1900 nostrum,
697 1844 855 1904 pellere
876 1841 1189 1903 posseffionibus
1230 1855 1300 1886 ar·

71 1907 155 1953 mis
170 1906 393 1967 castrisque
411 1919 590 1952 conatus
604 1907 681 1951 est:
701 1906 890 1966 quicum
908 1903 1151 1949 architeftis
1167 1907 1207 1948 δε
1225 1904 1299 1948 de-

68 1968 291 2030 cempedis
329 1969 457 2014 villas
492 1968 727 2014 multorum
756 1968 985 2026 hortosque
1005 1964 1298 2027 peragrabat:

69 2033 145 2093 qui
170 2031 370 2091 Janiculo
401 2034 442 2077 δε
463 2031 649 2091 Alpibus
688 2031 807 2090 spem
830 2029 1125 2099 poffessionum
1148 2027 1296 2072 termi-

70 2094 205 2140 nabat
219 2092 391 2138 suarum
409 2110 420 2138 ε
453 2093 528 2153 qui
551 2107 650 2137 cum
668 2093 724 2137 ab
746 2103 892 2152 equite
914 2092 1135 2144 Romano,
1158 2087 1296 2148 splen·

69 2155 174 2202 dido
191 2159 228 2200 &
253 2155 355 2200 forti
375 2154 489 2209 viro,
524 2156 584 2200 T.
607 2154 814 2207 Pacavio,
836 2169 925 2198 non
958 2152 1220 2212 impetraffet
1247 2162 1296 2197 ut

18 2244 21 2245 ν
71 2216 257 2265 insulam
278 2217 324 2262 in
352 2217 450 2262 lacu
472 2217 619 2262 Prelio
646 2217 866 2269 venderet,
901 2227 1072 2275 repente
1093 2213 1295 2259 lintribus

72 2281 119 2324 in
137 2294 235 2324 eam
259 2278 443 2324 insulam
457 2279 703 2333 materiam,
726 2279 905 2332 calcem,
930 2287 1138 2323 caementa
1162 2287 1293 2335 atque

71 2357 198 2390 arma
232 2340 442 2389 convexit
467 2358 480 2391 ς
505 2341 772 2449 deffinoque
801 2352 917 2389 trans
959 2340 1106 2402 ripam
1131 2337 1292 2448 &inspe-

643 2418 668 2449 2
1175 2412 1291 2457 ante,
