1437 2589
133 118 251 171 104
488 100 1035 161 ORATIO

120 192 259 237 etiam
282 191 423 255 ipsum
445 192 678 239 Lentulum
694 192 950 255 largitorem
970 201 1010 242 &
1028 196 1264 260 prodigum
1285 214 1374 247 non

125 266 263 314 putat,
309 257 410 302 cum
432 255 485 303 de
507 257 698 317 pernicie
721 259 902 319 reipubl.
937 264 977 305 δε
1000 261 1136 306 exitio
1158 262 1284 321 hujus
1308 278 1376 307 ur-

121 317 190 363 bis
205 330 296 364 tarn
310 317 463 365 acerbe
477 319 653 382 tamque
671 321 898 369 crudeliter
914 323 1138 385 cogitarit,
1163 325 1374 387 appellari

121 382 238 442 posse
269 383 538 445 popularem.
606 384 760 445 Itaque
797 386 933 431 homo
968 387 1208 433 mitiffimus
1245 400 1374 450 atque

121 445 350 492 leniffimus
366 463 454 492 non
483 447 651 493 dubitat
673 447 721 493 P.
747 448 979 495 Lentulum
1000 451 1168 496 aeternis
1190 451 1375 497 tenebris

121 509 390 572 vinculisque
405 511 640 556 mandare:
666 515 702 556 &
720 510 915 558 sancitin
936 514 1167 573 posterum,
1203 511 1257 559 ne
1280 515 1375 576 quis

121 571 248 632 hujus
283 574 495 636 supplicio
528 574 715 620 levando
738 574 778 620 se
794 576 972 635 jactare,
1012 582 1052 622 δε
1091 578 1137 623 in
1180 578 1376 639 pernicie

121 636 307 698 reipubl.
349 638 525 699 posthac
563 638 784 700 popularis
821 639 900 684 effe
944 641 1079 701 possit.
1160 640 1376 703 Adjungit

120 701 256 746 etiam
292 701 637 762 publicationem
676 701 907 758 bonorum,
964 715 1010 749 ut
1047 719 1197 750 omnes
1235 705 1373 751 animi

120 764 333 811 cruciatus
358 769 399 810 ἅτ
429 765 640 826 corpori5‚
675 764 809 811 etiam
843 767 1002 826 egestas
1041 783 1092 812 ac
1116 767 1374 814 mendicitas

119 827 415 889 consequatur.
484 828 789 892 Qamobrem
832 829 918 875 five
972 829 1059 876 hoc
1109 831 1334 878 statueritis
1358 848 1373 882 3

120 890 324 938 dederitis
348 891 463 937 mihi
496 892 706 938 comitem
728 893 784 949 ad
804 893 1063 940 concionem
1099 895 1262 955 populo
1285 896 1375 941 Ro-

121 971 255 1000 mano
281 970 435 1001 carum
473 967 602 1018 atque
628 955 902 1015 jucundum:
955 956 1041 1002 five
1076 957 1199 1003 illam
1237 958 1373 1004 Silani

122 1019 380 1065 sententiam
402 1018 518 1080 sequi
550 1019 789 1065 malueritis
814 1038 827 1070 ;
866 1020 993 1065 facile
1016 1036 1088 1066 me
1111 1033 1238 1082 atque
1256 1037 1331 1067 vos
1350 1019 1377 1067 τὶ

118 1082 386 1129 crudelitatis
409 1082 726 1144 vituperatione
749 1083 986 1129 defendetis
1011 1100 1020 1127 :
1057 1096 1185 1145 atque
1207 1085 1374 1131 obtine·

121 1146 180 1192 bo
214 1163 316 1192 eam
351 1146 489 1193 multo
509 1146 719 1192 leviorem
742 1146 877 1193 fuifle.
947 1147 1230 1210 Qanquam,
1250 1150 1297 1193 P.
1318 1150 1371 1195 C.

118 1225 217 1271 quae
234 1211 367 1271 potest
384 1211 464 1256 effe
478 1211 524 1255 in
540 1210 648 1256 tanti
672 1210 836 1256 sceleris
858 1210 1135 1257 immanitate
1157 1211 1375 1272 punienda

119 1274 347 1319 crudelitas
371 1278 386 1320 ?
433 1275 533 1335 Ego
549 1275 670 1319 enim
687 1274 739 1319 de
755 1290 856 1319 meo
886 1273 1001 1320 sensu
1012 1274 1177 1333 judico.
1248 1276 1375 1321 Nam

116 1336 179 1384 ita
201 1337 316 1384 mihi
353 1337 470 1383 salvii
490 1338 655 1398 republ.
692 1337 919 1384 vobiscum
954 1338 1116 1399 perfrui
1148 1338 1292 1394 liceat,
1329 1350 1376 1385 ut

119 1416 222 1463 ego,
271 1400 388 1463 quod
430 1401 477 1447 in
515 1401 600 1446 hac
634 1401 758 1446 causa
795 1402 1101 1447 vehementior
1138 1400 1245 1457 sum,
1285 1419 1375 1448 non

116 1463 342 1512 atrocitate
356 1465 494 1511 animi
517 1480 699 1510 moveor
734 1465 843 1526 (quis
866 1465 986 1510 enim
1008 1466 1065 1510 est
1083 1481 1154 1510 me
1171 1466 1323 1511 mitior
1341 1469 1374 1527 ?)

117 1528 191 1574 sed
225 1529 430 1591 singulari
464 1528 655 1590 quadam
676 1527 947 1574 humanitate
987 1533 1027 1574 δε
1061 1528 1374 1576 misericordia.

116 1592 290 1639 Videor
310 1592 431 1638 enim
448 1592 563 1638 mihi
581 1592 694 1637 hanc
715 1591 869 1637 urbem
886 1592 1049 1646 videre,
1089 1592 1233 1638 lucem
1255 1593 1374 1638 orbis

118 1668 347 1711 terrarum,
388 1669 516 1717 atque
551 1671 697 1701 arcem
735 1655 936 1701 omnium
975 1656 1190 1716 gentium,
1235 1655 1376 1702 subito

117 1735 207 1765 uno
228 1719 431 1766 incendio
449 1718 752 1765 concidentem
777 1736 786 1764 ε
822 1735 955 1765 cerno
977 1720 1127 1765 animo
1150 1719 1312 1780 sepulta
1329 1721 1375 1766 in

117 1783 263 1845 patria
304 1783 480 1828 miseros
519 1795 648 1844 atque
694 1780 927 1844 insepultos
965 1798 1140 1828 acervos
1170 1783 1373 1830 civium:

117 1845 308 1893 versatur
324 1846 437 1892 mihi
457 1858 556 1892 ante
577 1846 723 1891 oculos
742 1846 930 1906 aspectus
957 1846 1164 1906 Cethegi,
1192 1851 1232 1892 δὲ
1256 1846 1376 1892 furor

113 1910 165 1956 in
181 1911 318 1956 vestra
339 1909 454 1956 caede
470 1909 739 1956 bacchantis.
810 1908 928 1955 Cum
953 1925 1058 1954 vero
1079 1909 1193 1954 mihi
1217 1925 1375 1971 propo-

115 1974 178 2018 sui
204 1986 461 2035 regnantem
484 1974 734 2027 Lentulum,
770 1971 875 2018 ficut
897 1972 987 2032 ipse
1010 1973 1050 2021 se
1073 1988 1128 2018 ex
1162 1973 1262 2018 fatis
1285 1975 1376 2034 spe-

120 2037 223 2083 rasse
246 2036 450 2082 confessus
472 2038 530 2081 est
553 2054 565 2087 3
606 2047 890 2098 purpuratum
921 2036 1001 2081 effe
1037 2035 1154 2081 hunc
1184 2036 1379 2082 Gabini-

118 2117 223 2150 um3
260 2116 361 2145 cum
382 2100 575 2145 exercitu
599 2100 756 2144 veniffe
781 2099 1022 2145 Catilinam
1046 2116 1060 2149 3
1095 2111 1189 2144 tum
1213 2100 1377 2146 lamen-

117 2165 332 2209 tationem
370 2162 784 2217 matrum-familias,
830 2174 923 2207 tum
961 2162 1115 2223 fugam
1150 2163 1376 2224 virginum

115 2240 247 2288 atque
265 2242 512 2288 puerorum,
530 2241 581 2270 ac
597 2225 880 2271 vexationem
892 2226 1118 2286 virginum
1133 2226 1376 2273 Vestalium

117 2289 409 2352 perhorresco.
479 2290 536 2334 Et
578 2289 683 2350 quia
723 2288 836 2333 mihi
875 2288 1155 2333 vehementer
1195 2289 1286 2334 haec
1308 2290 1376 2334 vi·
1425 2305 1429 2307 ’

119 2354 271 2399 dentur
294 2352 449 2398 misera
470 2364 597 2413 atque
620 2350 875 2405 miseranda,
912 2351 1076 2396 idcirco
1109 2353 1155 2396 in
1191 2368 1264 2398 eos
1296 2352 1373 2413 qui

115 2431 169 2487 ea
198 2417 400 2480 perficere
433 2415 676 2476 voluerunt,
710 2430 783 2464 me
820 2413 1016 2465 severum
1048 2412 1375 2466 vehementem-

1287 2492 1372 2542 que
1423 2490 1426 2493 '
