1437 2589
0 10 39 56 ij*-

0 108 14 232 ἑ

126 120 201 174 14
434 99 1003 159 ORATIO

114 205 206 241 tem
229 192 431 241 abfiitura
467 194 576 249 sunt,
634 193 738 249 five,
772 203 821 240 ut
842 192 1133 256 sapientissimi
1164 191 1365 239 homines
1425 231 1430 238 .

114 270 386 320 putaverunt,
422 258 479 304 ad
501 258 697 319 aliquam
719 257 856 303 animi
881 257 968 304 mei
987 268 1161 318 partem
1182 256 1367 330 pertine-

117 321 241 377 bunt,
278 337 393 366 nunc
415 321 596 384 quidem
619 332 733 367 certe
765 321 1035 382 cogitatione
1056 320 1248 382 quadam
1275 316 1366 380 spti-

113 401 199 446 que
221 383 288 429 de}
292 385 421 432 eftor.
491 386 638 447 Qare
651 383 914 457 conservate,
928 384 1112 443 judices,
1136 382 1367 428 hominem

113 448 278 509 pudore
322 463 390 503 eo,
428 464 560 510 quem
598 449 841 495 amicorum
882 448 1040 494 vidctis
1083 445 1366 508 comprobari

113 522 210 557 tum
231 511 275 556 di
263 511 462 572 gnitate,
513 523 610 558 tum
629 512 766 559 etiam
785 512 1038 557 venustate·
1026 544 1040 562 ,
1092 509 1273 572 ingenio
1293 525 1368 555 au-

113 585 206 620 tem
242 586 378 630 tanto,
413 586 624 636 quantum
646 575 693 621 id
725 575 930 624 convenit
950 574 1206 628 existimari,
1248 572 1368 635 quod

113 637 396 684 summorum·
408 638 678 686 hominum
666 639 856 711 mgeniis
880 638 1124 700 expetitum
1145 637 1227 682 effe
1245 636 1367 682 vide-

113 700 226 746 atis·
214 732 226 752 ‚
283 701 409 747 causa
443 716 550 747 velo
571 701 796 774 ejusmodi,
853 718 948 763 quae
989 700 1217 747 beneficio
1236 699 1374 762 legi3‚-

114 763 368 811 au&oritate
391 764 642 825 municipij,
686 764 935 813 testimonio
966 763 1156 819 Luculli,
1206 763 1366 808 tabulis

115 827 289 872 Metelli
306 828 629 889 comprobetur.
698 829 809 892 Qae
825 844 927 874 cum
952 828 1015 874 ita
1031 828 1143 877 fint3
1177 826 1367 887 petimus

116 907 144 936 a
163 890 306 946 vobiss,
336 891 520 950 judiceS,
565 891 597 937 fi
640 908 726 954 qua
747 908 836 938 non
873 891 1005 938 modo
1027 892 1238 945 humana,
1293 904 1367 934 ve-

114 970 214 1000 xum
234 955 370 1000 etiam
402 955 589 1000 divina'
578 971 622 1000 m
645 957 798 1002 tantis
811 955 1001 1027 negoti-is
1038 952 1367 1000 commendatio

115 1017 244 1064 debet
265 1019 377 1064 effe·
364 1051 378 1070 ‚
430 1029 477 1063 ut
497 1035 615 1074 eum,
651 1018 727 1080 qui
749 1035 841 1075 vos,
894 1018 969 1080 qui
991 1018 1148 1063 vestros
1179 1016 1367 1078 impera-

115 1092 242 1137 tores,
291 1082 367 1143 qui
401 1082 554 1143 populi
579 1082 773 1128 Romani
806 1097 872 1128 res
896 1082 1028 1143 gestas
1051 1080 1221 1141 semper
1241 1095 1369 1126 orna-

114 1144 196 1200 vit,
233 1145 323 1206 qui
318 1145 466 1191 etiam
490 1145 559 1190 his
582 1145 826 1191 recentibus
865 1145 1016 1190 nostris
1038 1142 1268 1204 vestrisque
1291 1143 1369 1188 do-

115 1208 303 1254 mesticis
343 1208 547 1269 periculis
581 1220 790 1255 aetemum
813 1209 854 1254 se
870 1207 1168 1254 testimonium
1186 1205 1368 1252 laudum

113 1271 317 1316 daturum
334 1272 414 1317 effe
447 1272 684 1333 profitetur,
737 1272 898 1333 quique
919 1271 977 1317 est
993 1286 1046 1316 eo
1066 1285 1266 1324 numero5
1289 1268 1366 1330 qui

114 1333 284 1395 semper
320 1334 437 1396 apud
458 1350 608 1380 omnes
643 1334 774 1381 sancti
812 1335 907 1380 sunt
927 1334 1068 1381 habiti
1092 1344 1220 1394 atque
1241 1332 1364 1387 dicti,

114 1397 208 1443 fic
196 1414 241 1443 m
265 1398 450 1444 vestram
473 1399 716 1475 accipiatis
720 1398 868 1454 fidem,
924 1410 972 1444 ut
1001 1396 1272 1443 humanitate
1293 1411 1368 1442 ve-

112 1461 196 1507 strix
215 1461 378 1506 levatus
421 1461 581 1521 potius,
638 1478 772 1523 quam
793 1461 1029 1508 acerbitate
1064 1460 1249 1505 violatus
1286 1459 1368 1504 effe

112 1524 326 1570 videatur.
395 1525 508 1586 Quae
530 1524 582 1569 de
604 1525 746 1580 causa,
803 1541 883 1586 pro
921 1539 1021 1570 mea
1043 1522 1365 1576 consuetudine,

115 1587 305 1633 breviter
347 1577 601 1649 simpliciter
583 1604 686 1650 que
723 1588 836 1642 dixi,
888 1587 1070 1647 judices,
1107 1602 1160 1631 ea
1196 1585 1369 1631 confido

89 1651 300 1712 «probata
334 1651 414 1696 effe
436 1651 670 1697 omnibus:
722 1667 818 1713 qaae
838 1667 926 1697 non
948 1651 1049 1705 fori,
1084 1665 1224 1712 neque
1252 1648 1367 1708 judi-

114 1714 215 1760 ciali
234 1713 556 1770 consuetudine,
595 1719 636 1760 ἃς
657 1713 710 1759 de
727 1715 955 1760 hominis
945 1713 1140 1776 ingenio,
1189 1717 1230 1757 Sc
1247 1727 1368 1757 com-

116 1778 239 1822 muni
244 1789 307 1823 ter
324 1777 377 1822 de
400 1777 509 1829 i‘tfiu
513 1794 539 1822 s
562 1777 698 1824 studio
729 1778 894 1825 locutus
916 1777 1024 1833 sum,
1076 1793 1143 1831 ea,
1181 1775 1363 1835 judices,

116 1837 143 1885 ὲ
160 1841 285 1886 vobis
303 1840 397 1901 sper
399 1858 425 1886 0
442 1841 557 1886 effe
545 1856 592 1886 m
601 1841 678 1886 bo
669 1857 772 1887 iam
787 1853 956 1902 partem
973 1851 1180 1902 accepta:
1215 1838 1271 1884 ab
1293 1853 1363 1892 eo,

119 1903 191 1966 qui
214 1904 431 1964 judicium
449 1916 636 1961 exercet,
656 1903 769 1952 certe}
791 1905 893 1952 scio
