1437 2589
234 92 301 150 In
350 93 858 150 CATILINAM
931 85 1039 145 IV.
1163 105 1268 144 101

29 186 282 241 GracchuS,
318 187 393 248 qui
417 185 614 246 agrarios
636 182 854 229 concitare
883 193 1058 237 conatus
1077 181 1165 231 est;
1199 196 1290 227 non

34 251 88 296 L.
106 249 374 304 Saturninus,
411 249 486 310 qui
534 248 587 294 C.
614 246 890 293 Memmium
928 242 1104 298 occidit,
1141 244 1186 288 in
1208 243 1290 290 dis-

3 313 9 318 '
33 313 198 358 crimen
211 312 405 375 aliquod,
443 322 571 372 atque
593 309 637 357 in
658 309 803 355 vestrae
824 305 1057 354 severitatis
1074 305 1290 365 judicium

30 376 284 422 adducitur(
338 377 563 422 Tenentur
584 374 632 432 ij,
668 373 745 434 qui
767 371 824 417 ad
858 370 977 415 urbis
1020 369 1287 425 incendium,

31 440 88 484 ad
110 440 295 485 vestrum
323 438 524 484 omnium
559 437 738 491 caedem,
774 434 830 480 ad
864 433 1103 480 Catilinam
1126 433 1290 493 aecipi-

30 502 193 549 endum
216 500 644 548 Romae'restiterunt.
711 500 938 545 Tenentur
962 497 1114 551 literae,
1147 495 1286 557 signa,

32 581 200 621 manus,
235 565 420 625 denique
457 561 782 623 uniuscujusque
818 559 1044 606 confeffio:
1072 558 1287 605 solicitan-

31 640 100 675 tur
120 628 442 689 Allobrogoes:
485 625 654 672 servitia
687 625 932 670 excitantur
955 639 966 668 ε
1002 620 1196 668 Catilina
1222 637 1289 667 ar-

29 693 195 738 ceflitur
215 709 224 737 :
260 691 306 736 id
327 692 383 736 est
400 689 559 736 initum
582 688 826 743 confilium,
851 698 913 742 ut,
946 686 1178 732 interfeftis
1192 701 1287 731 om—

29 756 170 812 nibuS,
206 770 336 800 nemo
380 751 434 799 ne
470 753 526 798 ad
557 751 873 813 deplorandum
908 750 1088 811 quidem
1114 748 1285 810 reipub.

29 835 207 873 nomen,
242 829 370 879 atque
406 817 462 862 ad
498 815 825 862 lamentandam
863 814 970 860 tanti
1006 813 1181 874 imperij
1218 828 1288 858 ca-

28 882 271 927 lamitatem
313 880 592 941 relinquatur.
660 879 774 925 Haec
816 877 968 922 omnia
1010 876 1174 922 indices
1216 875 1289 920 de-

27 946 228 999 tulerunt,
274 944 336 989 rei
357 943 527 989 confeffi
557 942 667 997 sunt,
704 957 782 987 vos
818 940 964 986 multis
998 940 1100 998 jam·
1110 939 1290 999 judiciis

23 1007 320 1068 judicavistis-z
372 1006 583 1068 primum,
636 1005 752 1067 quod
785 1003 897 1049 mihi
939 1004 1102 1064 gratias
1146 1002 1289 1063 egistis

30 1070 319 1133 singularibus
336 1070 497 1125 verbis,
535 1074 575 1114 Sc
605 1068 705 1113 mea
726 1067 882 1113 virtute
904 1079 1033 1127 atque
1050 1065 1286 1127 diligentia

28 1132 302 1196 perditorum
335 1134 568 1179 hominum
594 1131 858 1193 patefa&am
907 1130 987 1174 effe
1023 1128 1287 1189 conjuratio·

28 1214 129 1244 nem
158 1196 428 1247 decrevistis3
464 1196 637 1251 deinde,
673 1194 791 1257 quod
812 1194 859 1239 P.
886 1193 1136 1248 Lentulum,
1175 1204 1222 1238 ut
1242 1191 1285 1237 se

27 1261 249 1307 abdicaret
269 1261 472 1322 praeturfi,
496 1258 694 1319 coegistis
718 1276 728 1304 ε
783 1269 894 1313 tum,
935 1256 1051 1318 quod
1079 1272 1196 1311 eum,
1243 1259 1286 1300 δε

27 1336 218 1379 caeteros,
238 1324 307 1369 .de
334 1324 490 1385 quibus
506 1321 789 1381 judicavistis,
835 1321 882 1366 in
918 1319 1158 1365 custodiam
1181 1319 1284 1364 dan-

28 1388 104 1434 dos
134 1385 346 1432 censuistis
384 1405 394 1431 :
451 1383 750 1447 maximeque,
802 1383 919 1444 quod
961 1399 1062 1429 meo
1107 1382 1286 1429 nomine

28 1451 388 1513 supplicationem
410 1449 669 1504 decrevistis,
710 1447 784 1509 qui
808 1448 946 1492 honos
969 1458 1121 1508 togato
1159 1445 1286 1491 habi·

27 1525 92 1560 tus
126 1525 223 1560 ante
252 1529 325 1559 me
366 1514 424 1558 est
462 1511 665 1558 nemini:
713 1509 947 1565 Postremo,
998 1510 1192 1555 hesterno
1215 1509 1287 1554 die

28 1578 210 1638 praemia
226 1577 385 1637 legatis
408 1575 721 1636 Allobrogum,
746 1573 943 1635 Tito'que
959 1573 1191 1619 Vulturcio
1213 1572 1286 1617 de-

26 1640 141 1686 distis
159 1640 430 1701 amplissima.
502 1639 614 1701 Qae
639 1639 730 1683 sunt
746 1637 898 1684 omnia
914 1635 1149 1696 ejusmodi,
1167 1646 1213 1681 ut
1231 1635 1290 1695 ij,

28 1704 102 1766 qui
128 1703 173 1749 in
196 1702 712 1749 custodiamssnominatim
739 1699 830 1746 dati
846 1700 954 1754 sunt,
1000 1700 1087 1746 fine
1103 1699 1192 1745 ulla
1208 1698 1287 1744 du*

25 1767 238 1814 bitatione
267 1764 440 1812 avobis
462 1766 660 1810 damnati
690 1765 770 1810 effe
788 1764 1027 1810 videantur.
1095 1763 1180 1809 Sed
1196 1777 1286 1824 ego

26 1830 185 1876 institui
205 1829 362 1876 referre
397 1828 451 1874 ad
469 1844 560 1883 vos,
598 1829 644 1873 P.
674 1829 726 1873 C.
748 1840 955 1888 tanquam
978 1827 1214 1887 integrum,
1242 1831 1285 1870 ἃς

26 1893 80 1939 de
102 1893 232 1949 faeto,
283 1892 388 1954 quid
415 1891 652 1951 judicetis;
706 1895 746 1935 «Sc
770 1890 822 1935 de
861 1906 1006 1950 poena,
1043 1890 1150 1951 quid
1185 1905 1285 1935 cen-

26 1956 163 2002 seatis.
231 1957 315 2002 Illa
354 1955 602 2016 praedicam,
638 1969 733 2014 qua:
771 1954 864 1998 sunt
902 1953 1115 1999 Consulis.
1184 1954 1286 2013 Ego

27 2035 242 2081 magnum
284 2019 331 2064 in
373 2018 598 2079 republica
639 2016 796 2062 versari
837 2017 1042 2070 furorem,
1090 2021 1131 2062 δε
1168 2033 1286 2061 nova

28 2080 226 2145 quaedam
248 2081 416 2128 misceri
436 2087 476 2126 εὶ-
500 2080 710 2127 concitari
734 2080 852 2125 'mala'
877 2079 1145 2140 jampridem
1166 2080 1286 2124 vide-

27 2144 162 2191 bam:
197 2144 268 2191 sed
283 2146 397 2190 hanc
420 2155 602 2199 tantam,
640 2155 731 2189 tam
758 2142 989 2188 exitiosam
1009 2143 1161 2188 haberi
1185 2159 1286 2188 cen-

24 2207 286 2267 jurationem
301 2205 326 2253 a
348 2208 514 2255 civibus
538 2222 759 2267 nunquam
776 2205 938 2266 putavi.
1009 2206 1144 2252 Nunc
1166 2207 1287 2266 quic-

29 2271 134 2331 quid
162 2271 235 2324 est,
269 2287 525 2332 quocunque
550 2271 694 2315 vestrae
718 2281 880 2314 mentes
915 2269 1127 2314 inclinant
1156 2259 1288 2330 att-fue

28 2333 260 2388 sententiat,
280 2336 545 2379 statuendum
568 2333 694 2378 vobis
713 2345 811 2377 ante
830 2333 1001 2376 nozftcm
1018 2333 1089 2377 est.
1138 2333 1289 2394 Qan-

30 2406 124 2445 tum
147 2396 312 2445 facinus
336 2397 390 2444 ad
427 2412 503 2444 nos
539 2396 732 2443 delatum
768 2394 832 2451 fit,
870 2395 1042 2445 vidctis²
1112 2395 1235 2442 Huic
1259 2396 1289 2440 fi

675 2459 712 2503 E
748 2473 770 2522 5
795 2500 801 2507 .
1130 2473 1321 2520 pauco&
