1437 2589
1381 0 1429 26 'x'l

147 94 170 130 ι
186 75 256 129 28
482 72 548 129 In
579 73 673 130 M.
710 72 1038 130 Antonium

135 166 251 212 nihil
289 165 393 222 scio,
429 165 612 228 inquieS,
651 166 732 212 nisi
755 182 850 228 quae
871 167 1035 226 praedia
1055 163 1269 217 habuerit.
1293 164 1408 228 igi-:4

136 240 205 274 tur
221 229 400 276 fratrem
429 230 709 274 exnaeredans
733 242 774 275 te
804 229 994 275 faciebat
1021 229 1254 274 haeredem.
1324 230 1386 275 In'
1406 243 1411 258 ³

1386 30 1409 64 ej
1426 51 1429 73 j

1400 155 1430 186 ,ι

137 293 295 338 multas
310 304 514 354 praeterea
537 292 740 353 pecunias
757 292 1109 338 alieniffimorum
1125 291 1380 347 hominum,
1399 309 1406 336 ’,
1430 297 1431 302 ’

136 355 283 414 ejeffls
317 356 430 402 veris
455 355 712 409 haeredssms,
744 367 954 416 tanquam
985 356 1118 400 haeres
1156 354 1270 410 esset,
1315 354 1382 400 in-

137 420 258 464 vafit.
329 420 596 480 Quanquam
630 418 716 464 hoc
755 419 953 463 maxime
990 418 1229 464 admiratus
1267 416 1381 473 sum,

139 483 411 528 mentionem
425 495 465 527 te
487 481 793 526 haereditatum
810 480 959 526 ausum
980 482 1061 527 effe
1084 481 1243 534 facere,
1278 481 1382 527 cum

138 545 230 606 ipse
247 546 544 591 haereditatem
566 545 700 604 patris
722 561 811 590 non
828 544 991 589 adisses.
1059 545 1171 594 Haec
1194 555 1240 588 ut
1261 543 1383 589 colli·
1436 585 1437 591 ,

140 623 280 669 geres,
322 609 461 654 homo
483 607 782 662 amentissime,
821 619 885 652 tot
901 607 1008 661 dies,
1045 607 1092 652 in
1115 607 1259 652 aliena
1274 607 1384 653 villa

140 672 390 717 declamasti
413 675 427 718 ?
467 687 718 733 quanquam
739 683 782 716 tu
807 670 984 731 quidem
1012 672 1072 729 (ut
1102 670 1163 716 tui
1196 670 1384 716 familia-

139 735 288 780 riffimi
312 735 526 794 dictitant)
554 734 646 778 vini
663 733 919 788 exhalandi,
959 750 1049 778 non
1082 732 1249 794 ingenij
1285 749 1387 779 acu-

140 798 242 843 endi
281 798 411 844 causa
432 798 699 843 declamitas».
767 798 824 842 Et
846 795 950 842 vero
972 795 1154 842 adhibes
1171 795 1262 855 joci
1287 812 1383 842 cau·

142 861 191 907 sii
208 862 481 923 magistrum,
502 859 710 921 suffragio
732 871 806 905 tuo
823 864 862 904 Sc
886 871 1192 921 compotorum
1211 870 1386 905 tuorum

140 924 390 970 rhetorem:
424 924 757 978 cuiconcesfisti,
796 935 842 968 ut
864 923 909 968 in
936 935 994 977 te,
1033 939 1128 984 quae
1145 921 1289 977 vellet,
1321 922 1387 968 di-

142 1000 271 1034 ceret.
313 987 466 1033 salsum
505 985 685 1032 omnino
723 986 987 1031 hominem!
1027 985 1099 1031 sed
1120 986 1304 1030 materia
1323 985 1386 1030 fa-

143 1051 256 1106 cilis,
298 1051 344 1097 in
367 1064 407 1096 te
432 1055 473 1096 &
497 1050 542 1095 in
579 1062 674 1095 tuos
712 1049 828 1095 dicta
849 1051 1008 1095 dicere.
1077 1049 1196 1095 Vide
1220 1061 1383 1104 autem,

145 1115 253 1175 quid
276 1115 438 1160 interfit
455 1114 565 1159 inter
582 1125 622 1159 te
653 1118 694 1158 δε
718 1129 850 1158 avum
873 1125 1010 1157 tuum.
1051 1111 1124 1156 ille
1147 1111 1300 1157 sensim
1322 1112 1389 1156 di·

143 1179 288 1232 cebat,
305 1178 422 1240 quod
444 1177 578 1222 causae
594 1176 804 1237 prodess'et
828 1194 836 1221 :
856 1188 902 1221 tu
924 1175 1080 1220 cursim
1102 1175 1211 1220 dicis
1226 1175 1383 1220 aliena.

143 1242 211 1287 At
227 1253 390 1302 quanta
408 1257 570 1286 merces
588 1240 752 1286 rhetori
783 1239 883 1284 data
903 1239 960 1283 est
979 1242 994 1284 ἒ
1027 1238 1207 1292 Audite,
1224 1238 1387 1296 audite,

144 1305 197 1350 Ρ.
221 1306 275 1351 C.
308 1309 350 1350 &
389 1303 639 1365 cognoscite
675 1303 844 1364 reipub.
885 1302 1078 1347 vulnera.
1119 1301 1206 1347 duo
1246 1301 1391 1348 millia

138 1367 349 1430 jugerum
372 1368 519 1428 campi
551 1367 757 1412 Leontini
774 1368 873 1412 SeX.
902 1365 1063 1411 Clodio
1085 1364 1248 1410 rhetori
1267 1365 1390 1425 aflig-

145 1432 273 1486 nasti,
312 1436 353 1477 &
375 1432 556 1492 quidem
582 1430 813 1484 immunia,
858 1440 905 1474 ut
937 1444 1016 1489 pro
1037 1439 1159 1473 tanta
1187 1429 1389 1474 mercede

146 1495 263 1541 nihil
301 1495 448 1556 sapere
482 1494 677 1539 discere&
763 1493 892 1538 Num
935 1492 1069 1536 etiam
1101 1491 1203 1546 hoc,
1249 1490 1390 1536 homo

145 1558 438 1613 audaciffime,
490 1573 546 1602 ex
591 1555 770 1603 Caesaris
814 1554 1174 1600 commentariis?
1219 1554 1303 1599 Sed
1324 1553 1389 1599 di-

147 1637 251 1667 cam
268 1622 356 1667 alio
369 1622 469 1667 loco
492 1625 532 1665 <Sc
550 1620 602 1665 de
618 1619 836 1665 Leontino
851 1634 976 1680 agro,
996 1623 1037 1664 δε
1051 1617 1104 1662 de
1129 1617 1387 1677 Campano:

145 1702 256 1746 quos
275 1685 348 1731 iste
369 1699 498 1745 agros
514 1695 683 1744 ereptos
701 1683 813 1743 reip.
833 1681 1080 1742 turpiffimis
1094 1679 1390 1742 poffefforibus

145 1748 412 1810 inquinavit.
481 1748 584 1809 Jam
605 1747 739 1801 enim,
785 1746 998 1805 quomam
1019 1743 1276 1789 criminibus
1298 1743 1391 1802 ejus

147 1812 247 1857 satis
281 1811 497 1873 respondi,
542 1810 595 1855 de
629 1810 722 1871 ipso
746 1808 1025 1854 emendatore
1063 1811 1103 1852 δε
1147 1807 1391 1852 correctore

147 1876 291 1921 nostro
325 1874 526 1936 quaedam
554 1873 740 1918 dicenda
761 1872 867 1917 sunt.
899 1887 979 1916 nec
1010 1870 1131 1916 enim
1161 1869 1312 1916 omnia
1332 1868 1397 1915 ef-

147 1938 347 1992 fundam,
392 1950 452 1992 ut,
491 1937 523 1982 fi
566 1936 717 1997 saepius
760 1934 1068 1980 decertandum
1101 1933 1169 1988 sit,
1209 1945 1255 1978 ut
1291 1933 1390 1988 erit,

147 2002 319 2062 semper
332 2017 468 2046 novus
483 2000 662 2045 veniam
687 2016 697 2044 :
732 2014 868 2060 quam
883 1997 1133 2043 facultatem
1151 1994 1266 2041 mihi
1282 1995 1412 2045 mul-2

148 2065 289 2110 titudo
343 2063 458 2109 istius
511 2063 724 2108 vitiorum
776 2073 1137 2122 peccatorumque
1190 2059 1390 2120 largitur.
1408 2088 1418 2106 ν.

148 2127 454 2188 Visnefigitur
481 2137 523 2171 te
546 2126 825 2186 inspiciamus
852 2121 879 2169 ὲ
915 2140 1050 2185 puero
1075 2127 1090 2169 ?
1127 2121 1184 2168 fic
1215 2122 1423 2188 opinorq?

148 2187 177 2236 ὲ
219 2190 439 2252 principio
480 2189 720 2235 ordiamur.
787 2187 984 2234 Tenesne
1027 2186 1244 2249 memoria
1285 2188 1427 2246 prae-fi

150 2267 365 2300 textatum
396 2266 437 2298 te
460 2251 673 2298 decoxifl'e
699 2255 714 2297 ?
751 2251 900 2310 patri5‚
938 2250 1119 2311 inquies,
1152 2249 1229 2294 ista
1261 2247 1392 2309 culpa

148 2319 220 2363 est.
264 2316 486 2363 concedo:
537 2315 699 2361 etenim
734 2314 791 2358 est
828 2314 1000 2375 piet-atis
1033 2313 1162 2374 plena
1183 2311 1398 2361 defenfio.;

148 2381 264 2428 Illud
298 2393 446 2432 tamen
468 2378 661 2429 audaciae
679 2390 776 2438 tuae,
816 2375 934 2440 quod
962 2375 1099 2426 sedisti
1124 2376 1170 2422 in
1191 2380 1404 2484 quiritum-d¹

1280 2452 1304 2486 e
