1437 2589
104 105 225 153 222
480 93 972 154 ORATIO

104 181 189 230 effe
225 181 423 232 dicebat:
471 185 690 234 bonorum
726 189 894 235 animos
932 189 1068 235 etiam
1091 189 1137 234 in
1158 204 1260 236 meo
1279 189 1377 237 casu
1422 204 1428 213 ⁴

107 243 459 310 contempserat:
499 250 619 296 Milo
652 267 759 296 unus
798 251 994 313 urgebat.
1061 252 1174 307 Hic,
1199 252 1261 297 dii
1295 254 1376 300 im-

109 310 330 366 mortaIeS,
367 323 413 370 ut
446 310 571 373 supra
600 312 712 368 dixi,
749 327 939 361 mentem
962 314 1172 361 dederunt
1192 315 1256 361 illi
1282 332 1377 378 per-

107 369 201 418 dito
225 388 276 418 ac
305 372 479 430 furioso,
516 386 562 420 ut
601 375 705 422 huic
735 376 894 423 faceret
917 377 1115 424 infidias:
1158 377 1283 424 aliter
1303 396 1375 440 pe⁴

105 433 193 479 rire
214 434 338 495 pestis
355 436 432 482 illa
453 453 541 483 non
562 439 704 499 potuit
723 456 732 484 z
757 453 980 501 nunquam
996 438 1119 485 illum
1136 439 1376 501 respublica

103 493 181 541 suo
194 495 291 556 jure
314 498 415 544 efl'et
442 500 547 545 ulta.
613 502 807 555 Senatu5‚
844 502 990 557 credo,
1015 503 1250 549 Praetorem
1273 519 1375 551 eum
1412 507 1418 513 '

104 557 507 621 circumscripsisset.
547 578 602 607 ne
642 563 746 608 clim
768 563 929 610 solebat
948 564 1128 625 quidem
1151 565 1197 612 id
1217 567 1373 622 facere,

104 619 151 665 in
170 621 344 682 privato
365 625 522 670 eodem
544 625 630 670 hoc
653 626 819 686 aliquid
839 627 1095 688 profecerat.
1163 630 1242 675 An·
1257 631 1372 676 Con-

104 681 211 730 sules
232 684 278 731 in
299 685 486 732 Praetore
508 689 747 733 coercendo
764 689 894 735 fortes
925 689 1091 735 fuiffent
1109 694 1125 736 ?
1161 692 1372 753 primum,

103 744 282 805 hIiIone
303 748 460 804 occiso,
480 749 691 796 habuiss’et
705 751 797 796 suos
823 753 1027 799 Consules
1045 771 1059 804 ;
1082 753 1255 809 deinde,
1279 756 1374 816 quis

105 807 152 853 in
174 825 229 855 eo
259 811 446 857 Praetore
468 811 630 858 Consul
656 813 777 859 fortis
798 815 915 870 effet,
951 831 1030 876 per
1056 832 1186 877 quem
1208 819 1256 864 T
1258 818 1373 863 ribu-

100 885 227 925 num,
251 873 397 918 virum
430 874 732 930 Consularem,
755 875 1025 924 crudeliss'me
1055 889 1268 926 vexatum
1290 881 1370 927 esse

102 935 397 985 meminisset?
441 938 591 984 omnia
624 938 862 1000 poffideret‚
895 953 1091 987 teneret:
1121 942 1221 1004 lege
1238 944 1373 1000 nova,

100 997 201 1102 331ae
215 997 274 1042 est
298 997 472 1045 inventa
494 1001 611 1062 apud
631 1017 734 1046 eum
757 1018 859 1048 cum
881 1003 1055 1064 reliquis
1078 1003 1248 1066 legibus
1267 1007 1372 1053 Clo-

136 1058 263 1114 1anis,
285 1060 425 1107 servos
453 1064 615 1109 nostros
636 1063 812 1110 libertos
831 1067 922 1111 suos
946 1066 1119 1115 feciffet.
1139 1069 1370 1126 Postremo,

102 1119 185 1165 nifi
202 1137 303 1167 eum
324 1123 387 1168 dii
403 1123 670 1176 immortales
691 1127 738 1173 in
759 1144 859 1174 eam
880 1141 1073 1175 mentem
1091 1130 1373 1191 impuliffent,

101 1193 149 1228 ut
185 1183 322 1231 homo
358 1186 646 1234 effoeminatus
680 1189 949 1236 fortissimum
982 1193 1128 1237 virum
1149 1207 1374 1240 conaretur

54 1249 70 1260 ”
99 1245 316 1307 occidere,
349 1248 484 1295 hodie
504 1252 704 1313 rempub.
728 1254 892 1299 nullam
909 1254 1137 1301 haberetiS.
1203 1257 1277 1301 An
1300 1256 1372 1302 ille

100 1307 277 1365 Praetor,
309 1311 382 1356 ille
410 1327 515 1360 vero
528 1309 721 1371 «Consul,
768 1315 799 1361 fi
821 1316 955 1362 modo
982 1317 1078 1362 haec
1107 1317 1285 1379 templa,
1311 1331 1372 1365 at-

97 1386 183 1431 que
199 1372 290 1434 ipsa
311 1375 477 1420 moenia
497 1377 618 1432 stare,
648 1393 702 1424 eo
724 1379 844 1434 vivo,
869 1379 1054 1433 tamdiu,
1091 1385 1131 1424 &-
1169 1381 1372 1426 Consula-

97 1446 194 1481 tum
227 1436 316 1496 ejus
347 1437 595 1499 exspectare
631 1441 878 1502 potuissent,
920 1441 990 1487 ille
1023 1442 1208 1503 denique
1241 1444 1368 1489 vivus

97 1499 206 1545 mali
228 1495 343 1546 nihil
378 1500 552 1556 feciss'et,
592 1503 667 1564 qui
701 1515 911 1558 mortuus,
953 1520 1039 1551 uno
1066 1520 1124 1550 ex
1147 1504 1225 1549 suis
1247 1506 1368 1551 satel-

94 1558 244 1608 litibus
268 1563 369 1608 Sex.
422 1563 581 1616 Clodio
602 1566 726 1621 duce,
766 1566 934 1612 curiam
957 1567 1198 1613 incenderit
1221 1573 1237 1614 ?
1282 1584 1370 1630 quo

94 1624 203 1684 quid
239 1624 450 1682 miserius,
490 1627 595 1689 quid
624 1628 837 1684 acerbius,
875 1630 977 1691 quid
1012 1630 1236 1676 luftuofius
1257 1632 1369 1677 vidi-

93 1689 230 1748 mus?
271 1689 488 1749 ternplum
533 1690 783 1747 sanctitatiS,
832 1692 1150 1753 amplitudinis,
1183 1694 1355 1749 mentis,

92 1749 259 1796 consilii
293 1751 478 1811 publici,
513 1765 645 1814 caput
680 1755 815 1809 urbis,
851 1771 974 1800 aram
996 1754 1228 1810 sociorum,
1268 1772 1366 1817 por-

91 1822 186 1858 tum
216 1813 418 1859 omnium
483 1816 666 1871 entium,
711 1816 856 1864 sedem
886 1818 942 1863 ab
973 1818 1171 1864 universo
1202 1818 1367 1880 populo

91 1875 299 1921 Romano
320 1892 453 1922 conce
485 1878 560 1923 'am
581 1880 656 1924 uni
686 1880 847 1935 ordini,
881 1880 1164 1936 inflammari,
1200 1881 1365 1928 exscin-

89 1936 154 1994 di,
196 1938 397 1984 funestari
418 1944 434 1988 ?
473 1948 612 2002 neque
634 1942 680 1987 id
696 1943 784 1988 fieri
810 1941 836 1988 ὲ
857 1944 1137 1990 multitudine
1159 1944 1366 2007 imperita

91 2002 357 2062 (quanquam
387 2003 486 2048 efflet
518 2004 725 2053 miserum
761 2006 808 2052 id
851 2006 1008 2068 iprum)
1046 2005 1118 2052 sed
1165 2007 1220 2053 ab
1255 2023 1362 2065 uno,

86 2064 164 2123 qui
203 2063 306 2109 cum
328 2076 498 2110 tant-„xm
525 2066 646 2112 ausus
679 2069 729 2114 fit
764 2068 874 2113 ultor
909 2079 991 2130 pro
1027 2080 1216 2124 mortuo,
1255 2071 1362 2132 quid
1426 2111 1429 2114 Α

85 2125 265 2186 fignifer
299 2142 380 2188 pro
415 2127 522 2173 vivo
555 2124 643 2174 non
680 2131 780 2183 eflet
809 2132 927 2176 ausu:
952 2136 969 2177 Β
1018 2133 1072 2176 ln
1095 2132 1259 2177 curiam
1284 2149 1391 2194 pn«,
1417 2162 1437 2192 ·.

83 2188 287 2236 tissimum
323 2188 502 2248 abjecit,
527 2203 573 2236 ut
592 2209 691 2238 eam
710 2206 901 2238 mortuus
922 2195 1184 2249 incenderet,
1224 2211 1358 2256 quam

81 2251 208 2295 vivus
235 2264 463 2298 everterat.
532 2255 591 2299 Et
610 2256 718 2312 sunt,
743 2258 817 2318 qui
840 2258 893 2301 de
917 2257 1157 2318 viaAppia
1179 2274 1368 2319 qiteran«
1419 2259 1437 2311 2³.

80 2323 167 2370 tur,
217 2326 388 2363 taceant
425 2316 479 2362 ‘de
515 2318 664 2366 curia?
719 2320 958 2384 Ecquando
1001 2320 1059 2367 ab
1094 2335 1147 2367 eo
1169 2318 1437 2429 spgranteff}

1229 2399 1361 2432 orum
1431 2392 1437 2438 ἶ

1418 2468 1437 2486 ιῖ

1408 2507 1437 2522 <fl

1407 2522 1437 2589 Ἄ

1412 2564 1415 2573 r
