1437 2589
236 112 352 171 Pro
396 112 737 171 ARCHIA
790 109 1099 170 POETA.
1233 132 1296 171 11

63 208 170 253 num
211 216 386 267 putatur
427 206 463 250 is
505 205 586 250 effe
608 204 857 250 constitutus
897 199 922 249 ὲ
944 216 1176 252 marmore.
1246 205 1310 251 At

60 270 115 317 iis
137 269 332 315 laudibus
354 266 469 314 certe
505 272 594 314 nOn
629 267 767 313 solum
800 266 895 328 ipfi,
952 268 1028 333 qui
1046 267 1306 313 laudantur·
1293 286 1309 320 ς

62 332 281 379 sedetiam
298 333 450 394 populi
474 333 606 378 Rom.
621 347 783 376 nomen
806 341 994 376 ornatur.
1063 332 1118 376 In
1156 330 1311 376 caelum

9 420 11 423 ν
65 396 192 456 hujus
216 411 401 457 proavus
426 396 537 441 Cato
554 394 752 440 tollitur:
787 407 971 458 magnus
994 394 1134 439 honos
1157 394 1315 455 populi

66 458 260 504 Romani
279 458 403 504 rebus
425 457 690 520 adjungitur,
704 473 856 502 ornnes
876 455 1063 518 denique
1084 456 1314 503 1¹11Max1

65 521 146 574 mi,
182 521 404 576 Marcelli,
439 521 600 582 Fulvij,
635 537 724 566 non
743 521 830 566 fine
852 521 1079 566 communi
1112 520 1315 566 omnium

66 585 258 631 nostrum
288 585 415 630 laude
452 584 721 630 decorantur.
790 583 910 645 Ergo
932 584 1075 638 illum,
1122 584 1196 645 qui
1215 575 1316 630 lic-ec

68 648 246 703 fecerat,
282 648 477 694 Rudium
499 648 727 693 hominem
760 647 943 707 majores
982 647 1145 692 nostri
1134 663 1180 692 in
1209 646 1319 692 civi-

70 722 205 757 tatem
237 722 524 772 receperunt:
574 727 650 756 nos
673 710 789 756 hunc
810 710 1157 765 Heracliensem,
1209 709 1319 755 mul-.
1360 722 1369 730 “

71 776 125 821 tis
165 775 412 821 civitatibus
449 774 708 844 expetitum,
767 773 812 818 in
856 775 940 818 hac
979 784 1123 820 autem
1145 773 1318 835 legibus

73 838 364 892 constitutum,
400 837 452 883 de
474 837 613 882 nostra
639 836 819 882 civitate
850 836 1108 897 ejiciemus?
1146 836 1326 883 Namfi

76 901 173 963 quis
217 901 432 946 minorem
471 901 624 975 glo1iae
662 899 846 946 fruetum
887 912 1010 960 putat
1052 917 1108 945 ox
1149 900 1320 946 Graecis

76 963 263 1009 versibus
306 963 490 1025 percipi,
535 978 666 1038 quam
707 978 763 1007 ex
806 963 992 1019 Latinis,
1044 964 1325 1009 vehementer

77 1039 225 1072 errat:
262 1037 489 1087 propterea
510 1024 625 1087 quod
644 1027 806 1070 Graeca
826 1026 1062 1087 leguntur
1051 1044 1098 1073 m
1120 1026 1325 1072 omnibus

79 1087 168 1135 fere
212 1090 428 1150 gentibuS,
464 1088 622 1136 Latina
658 1088 740 1133 suis
778 1089 948 1145 finibus,
1001 1090 1173 1151 exiguis
1210 1085 1324 1145 sane,

81 1153 302 1199 continent
303 1169 364 1197 ur
433 1151 664 1214 Qare,s1
683 1168 746 1197 res
770 1152 799 1197 h
803 1169 853 1208 ae,
890 1169 993 1214 quas
1012 1155 1227 1214 gestimus,
1260 1169 1328 1198 or-

81 1216 152 1262 bis
193 1227 316 1262 terrae
349 1215 601 1286 regionibus
645 1215 934 1266 definiuntur;
990 1233 1147 1278 cupere
1201 1216 1329 1262 debe-

85 1295 197 1334 muS‚
253 1278 337 1341 quo
372 1277 560 1340 [minus]
584 1295 804 1324 manuum
847 1280 1085 1325 nostrarum
1108 1280 1193 1325 tela
1236 1295 1332 1341 per-

83 1342 295 1397 venerint,
366 1341 523 1387 eodem
581 1342 770 1403 gloriam
827 1341 1080 1416 famamque
1136 1354 1335 1404 penetra-

85 1422 160 1451 re:
211 1405 329 1467 quod
361 1421 464 1451 cum
500 1404 600 1466 ipsis
645 1405 834 1466 populis,
891 1406 945 1451 de
983 1422 1175 1479 quorum
1204 1406 1332 1452 rebus

86 1468 302 1524 scribitur,
359 1468 453 1513 haec
489 1469 638 1529 ampla
674 1468 806 1513 sunt:
857 1480 951 1514 tum
975 1469 1028 1514 iis
1067 1466 1198 1524 certe,
1256 1470 1333 1530 qui

89 1532 143 1577 de
187 1532 294 1588 vita,
346 1531 499 1592 gloriae
564 1531 704 1586 causa,
766 1531 994 1588 dimicant,
1041 1533 1147 1578 hoc
1192 1531 1333 1577 maxi-

94 1611 219 1639 mum
253 1600 294 1641 &
324 1594 617 1655 periculorum
661 1567 994 1640 incitamenturri
1026 1596 1099 1651 est,
1154 1600 1193 1640 Sc
1216 1596 1337 1641 labo-

90 1673 202 1702 rum.
273 1655 422 1716 chm
444 1658 602 1704 multos
623 1656 847 1719 scriptores
866 1675 1007 1704 rerum
1025 1657 1193 1704 suarum
1213 1673 1337 1719 mag--

93 1736 171 1765 nus
194 1720 268 1765 ille
306 1721 557 1767 Alexander
593 1722 737 1766 secum
776 1721 967 1766 habuisse
1004 1721 1201 1768 dicitur?
1257 1724 1339 1767 At-

94 1799 178 1844 que
200 1784 235 1827 is
257 1795 420 1839 tamen,
456 1785 559 1829 cum
582 1785 626 1828 in
650 1785 783 1855 Sigeo
806 1784 862 1828 ad
900 1785 1088 1830 Achillis
1119 1784 1339 1830 tumulum

96 1846 329 1902 adstitisset,
398 1848 443 1891 O
466 1846 698 1902 fortunate,
749 1847 909 1908 inquit,
960 1848 1219 1902 adolelcens,
1263 1848 1339 1909 qui

96 1919 179 1953 tuae
213 1909 384 1954 virtutis
427 1910 680 1954 Homerum
719 1926 967 1970 praeconem
1001 1911 1246 1956 inveneris¹
1297 1915 1339 1955 Sc

47 2018 63 2028 J
95 1968 211 2017 vere.
280 1973 407 2018 Nam
435 1972 516 2018 nisi
545 1973 648 2017 Ilias
671 1973 747 2018 illa
777 1973 1010 2028 exstitisset,
1045 1974 1165 2020 idem
1200 1985 1342 2018 tumu-

97 2034 178 2089 lus,
214 2035 289 2096 qui
311 2050 465 2096 corpus
486 2035 575 2095 ejus
615 2046 881 2091 contexerat,
916 2053 1075 2082 nomen
1097 2038 1233 2082 etiam
1265 2036 1342 2082 ob—

98 2097 287 2143 ruisset
321 2098 478 2160 Qid
470 2101 483 2133 Ρ
518 2099 656 2143 noster
677 2099 752 2144 hic
774 2099 992 2161 Magnus,
1022 2100 1098 2162 qui
1118 2115 1220 2145 cum
1256 2100 1345 2144 vir-

80 2162 188 2205 'tute
236 2140 454 2206 fortunam
501 2161 759 2223 adaequavit,
815 2179 959 2209 nonne
1017 2163 1344 2224 Theophanem

100 2221 428 2283 Mitylenaeum,
476 2223 729 2295 scriptorem
767 2241 913 2271 rerum
933 2225 1120 2281 suarum,
1176 2225 1222 2271 in
1244 2242 1347 2272 con-

32 2313 38 2317 ·
99 2285 227 2333 cione
248 2287 443 2332 militum
479 2287 656 2333 civitate
677 2288 895 2334 donavit?
949 2294 989 2334 &
1012 2289 1138 2335 nostri
1171 2289 1235 2334 illi
1260 2288 1348 2333 for-

58 2358 159 2398 'tes
181 2349 283 2405 viri,
316 2347 388 2395 sed
408 2350 567 2405 rustici,
601 2365 663 2396 ac
674 2351 850 2406 militeS,
898 2351 1124 2398 dulcedine
1158 2352 1348 2414 quadam

50 2408 258 2485 310τί33
276 2414 507 2472 commoti,
553 2414 673 2478 quasi
694 2414 926 2478 participes
956 2415 1147 2478 ejusdem
1187 2414 1345 2469 laudis,

1181 2491 1351 2539 magno

1320 2559 1342 2589 2
