1468 2625
115 143 230 202 Pro
262 141 1030 201 T0ANN10N11L0NE.
1122 162 1232 205 211

72 257 93 276 -·
118 235 280 282 entiam
319 235 474 291 animi,
509 234 766 281 defensionis
802 235 1100 281 constantiam.
1169 237 1245 283 An

8 310 120 355 ro
140 298 266 345 obliti
284 299 394 354 estis,
427 298 611 359 judices,
644 299 804 355 recenti
827 298 904 344 illo
927 299 1086 345 nuncio
1125 300 1244 345 necis

75 361 260 418 odianae,
306 379 393 409 non
427 362 561 409 modo
582 362 863 408 inimicorum
881 362 1068 408 Milonis
1089 360 1247 409 sermo-

11 441 89 486 „es
113 429 155 471 ἅς
176 424 420 487 opiniones,
461 424 533 471 sed
554 425 862 472 nonnullorum
895 425 1032 472 etiam
1069 424 1248 487 imperi-

3 495 53 542 .;'··
64 504 175 543 rum,
216 489 291 550 qui
315 488 537 550 negabant
547 504 650 534 eum
665 489 861 536 Romam
874 488 955 533 effe
972 487 1244 535 rediturum?

18 551 114 602 ive
153 551 275 598 enim
297 551 405 598 illud
438 552 588 598 animo
608 553 717 598 irato
740 566 791 597 ac
811 551 979 612 percito
1001 551 1178 607 fecisset,
1198 562 1246 598 ut

6 617 205 662 .census
239 614 343 662 odio
380 615 649 661 trucidaret
637 615 885 667 inimicum,
924 612 1247 661 arbitrabantur

17 694 22 712 ‹
49 694 126 724 um
158 677 269 724 tanti
291 691 480 725 mortem
503 679 553 725 P.
583 677 727 725 Clodii
744 677 920 740 putasse,
943 689 991 723 ut
1012 693 1137 739 aequo
1159 677 1252 723 ani-
1234 707 1259 717 -.

10 748 41 805 ,ᾗ
68 758 97 788 ο
112 740 254 804 patria
290 752 469 797 careret,
503 757 608 787 cum
628 741 866 803 sanguine
854 740 1024 790 mimici
1029 739 1252 812 expleffet

7 852 15 867 ,Ἰ
29 827 64 845 r·
93 821 168 851 um
183 804 341 850 suum:
377 804 464 850 five
485 806 620 851 etiam
642 805 757 850 illius
774 815 913 850 morte
927 803 1118 865 patriam
1143 804 1251 850 libe-

5 907 8 912 .
26 863 54 929 μ’
88 884 111 914 e
126 867 338 923 vol-uiss'et,
354 884 443 913 non
458 867 758 914 dubitaturum
771 868 929 914 fortem
944 867 1107 923 virum,
1126 867 1250 929 quin,

45 932 61 946 ⁸
136 931 210 976 suo
227 930 419 992 periculo
432 930 612 977 salutem
626 931 881 992 reipublicae
898 930 1111 986 attuliffet,
1127 931 1252 977 cede-

42 999 83 1042 't
114 1009 239 1056 aequo
268 994 420 1040 animo
449 994 637 1056 legibuS,
671 995 818 1040 secum
853 993 1039 1040 auferret
1060 967 1253 1056 gloriam

12 1051 342 1131 empiternam,
379 1057 505 1103 nobis
529 1058 623 1103 haec
646 1057 827 1104 fruenda
849 1057 1123 1118 relinqueret,
1156 1072 1253 1119 quae

35 1119 107 1190 pse
125 1119 338 1170 servaffet.
399 1120 534 1168 Multi
571 1120 706 1167 etiam
736 1119 993 1175 Catilinam,
1028 1131 1155 1182 atque
1178 1119 1256 1166 illa

57 1195 217 1230 ortenta
230 1183 544 1245 loquebantur.
568 1186 785 1246 Erumpet‚
808 1182 1042 1245 occupabit
1057 1184 1253 1245 aliquem

45 1270 56 1287 ·
91 1263 182 1302 um,
217 1246 384 1293 bellum
421 1247 575 1309 patriae
607 1247 753 1293 faciet.
803 1247 1012 1294 Miseros
1036 1246 1258 1293 interdum

20 1364 22 1366 v
44 1325 136 1369 >ves
156 1306 325 1371 optime
359 1310 412 1356 de
441 1309 661 1373 republica
688 1311 886 1366 meritos,
920 1310 966 1355 in
989 1309 1145 1370 quibus
1176 1310 1256 1356 ho-

27 1371 29 1377 ’
70 1373 158 1420 ines
180 1389 269 1420 non
290 1373 424 1419 modo
457 1389 523 1420 res
551 1374 886 1435 praeclarissimas
920 1371 1253 1428 obliviscuntur,

17 1430 21 1437 ’
47 1436 92 1482 d
111 1435 248 1483 etiam
270 1436 456 1483 nefarias
478 1434 766 1499 suspicantur!
797 1438 919 1498 Ergo
937 1435 1014 1481 illa
1035 1435 1139 1482 falsa
1166 1436 1257 1482 fue-

24 1498 49 1561 j'
102 1509 147 1546 t:
187 1515 283 1570 quae
317 1496 432 1546 certe
462 1515 566 1546 vera
592 1500 854 1556 exstitiss'ent,
901 1499 934 1546 fi
963 1498 1081 1545 Milo
1110 1499 1254 1546 admi-

8 1591 13 1598 -=
18 1563 128 1609 isset
143 1561 327 1626 aliquid,
356 1564 478 1624 quod
499 1580 587 1610 non
609 1566 743 1625 poffet
772 1559 944 1610 honeste
961 1560 1150 1624 vereque
1186 1564 1257 1608 de-

14 1617 211 1674 Tendere.
280 1626 419 1698 Qid,
452 1643 550 1689 quae
571 1627 716 1698 postea
732 1626 888 1673 suntin
904 1641 1007 1671 eum
1023 1625 1252 1687 congesta?

15 1711 41 1747 „v
80 1705 116 1734 ae
132 1690 328 1751 quemvis
352 1688 488 1736 etiam
509 1689 798 1736 mediocrium
817 1689 1075 1734 delictorum
1092 1689 1255 1734 consci-

9 1772 51 1791 ···
77 1752 139 1799 tia
169 1753 460 1814 perculiffent,
508 1765 556 1799 ut
588 1752 815 1799 sustinuit?
865 1751 928 1797 dii
959 1751 1254 1798 immortales!

102 1816 238 1862 inuit
229 1820 244 1851 Ρ
278 1815 415 1863 immo
434 1816 539 1862 vero
562 1828 607 1862 ut
627 1815 900 1888 contempfit,
935 1830 988 1861 ac
1008 1831 1090 1877 pro
1111 1814 1257 1860 nihilo

3 1878 192 1924 utavit
214 1883 232 1925 ?
266 1895 362 1940 quae
382 1894 522 1940 neque
556 1880 758 1925 maximo
793 1878 945 1924 animo
968 1893 1145 1933 nocenS,
1184 1893 1257 1923 ne-

19 1956 106 2001 mue
128 1941 350 1997 innocenS,
383 1942 468 1987 nifi
490 1943 734 1988 fortiffimus
765 1942 850 1996 vir,
885 1940 1111 2003 negligene
1135 1952 1257 2002 potu·

16 2004 27 2047 ἐ
73 2015 130 2050 et.
169 2003 401 2076 scutorum,
434 2005 704 2067 gladiorum,
742 2004 980 2059 frenorum,
1016 2006 1255 2066 sparorum,

22 2065 300 2130 ilorumque
313 2068 451 2114 etiam
474 2068 707 2114 multitudo
725 2067 993 2130 deprehendi
1011 2067 1126 2129 posse
1145 2066 1259 2137 judi-

86 2141 236 2177 ·:atur
260 2129 462 2176 nullum
448 2147 496 2178 m
520 2131 629 2177 urbe
657 2131 822 2186 vicum,
863 2129 1030 2176 nullum
1052 2130 1258 2190 angipor-

47 2207 134 2239 um-
129 2194 222 2240 -effe
258 2193 479 2248 dicebant,
513 2194 562 2239 in
584 2209 672 2256 quo
693 2192 860 2240 Miloni
895 2208 985 2239 non
1020 2192 1121 2238 esset
1155 2207 1256 2238 con

6 2252 153 2342 (adusta
193 2256 381 2303 domus.
417 2272 541 2303 arma
563 2257 618 2329 in·
642 2256 798 2302 villam
834 2255 1153 2326 Ocriculanam
1186 2253 1258 2298 de—
