1437 2589
118 73 231 133 228
497 76 982 141 ORATIO

110 168 225 199 rem.
294 152 339 198 Ο
367 152 430 199 dii
453 155 721 206 immortales
747 159 757 202 ,Ι
790 158 963 215 fortem,
988 164 1029 205 δε
1051 156 1076 205 ὲ
1104 158 1246 214 vobiS,
1269 157 1338 219 ju-

113 215 251 270 diceS,
287 216 628 263 conservandum
668 219 841 266 virum!
877 219 1084 276 Minime,
1133 220 1334 277 minime,
1362 279 1363 283 Ἰ

113 277 287 339 inquit:
316 279 455 325 immo
489 281 592 326 vero
621 297 770 342 poenas
808 283 879 329 ille
901 284 1066 331 debitas
1087 283 1235 331 luerit:
1261 300 1337 330 nos

113 339 354 395 subeamuS,
399 342 431 387 fi
469 343 529 387 ita
560 345 721 390 necesse
743 345 815 400 est,
860 362 948 392 non
979 347 1159 393 debitas.
1227 347 1340 393 Hic-

110 403 210 448 cine
230 404 299 447 vir
320 405 471 463 patriae
488 418 626 461 natus,
650 407 830 468 usquam
859 409 940 454 nifi
962 409 1007 455 in
1019 408 1163 470 patria
1178 409 1338 455 morie-

109 477 197 519 tur,
233 476 323 520 aut,
347 466 380 512 si
409 465 534 522 forte,
559 485 639 529 pro
658 470 820 528 patria?
844 471 970 531 hujus
991 488 1068 517 vos
1084 472 1222 518 animi
1245 489 1340 518 mo·

111 542 320 574 numenta
357 530 617 586 retinebitis,
648 533 852 592 corporis·
872 533 917 579 in
942 534 1070 580 Italia
1086 535 1253 579 nullum
1276 535 1336 579 se-

114 591 347 652 pulchrum
367 592 448 638 effe
469 594 697 654 patiemini
720 599 736 639 ?
772 596 888 640 hunc
908 595 982 640 sua
1004 597 1228 659 quisquam
1251 597 1338 644 sen-

115 653 252 699 tentia
272 670 327 700 ex
365 655 450 700 hac
487 657 593 701 urbe
613 657 818 717 expellet,
863 674 995 719 quem
1027 667 1178 705 omnes
1215 660 1338 705 urbes

114 716 343 777 expulsum
358 715 383 762 a
403 718 529 765 vobis
547 719 603 764 ad
623 719 662 764 se
680 721 934 767 vocabunt?
973 723 1018 767 O
1034 734 1195 768 terram
1216 722 1339 770 illam

112 778 307 834 beatam,
342 795 438 841 quae
467 781 584 827 hunc
610 783 756 828 virum
776 785 1028 845 exceperit!
1057 785 1170 831 hanc
1191 786 1340 846 ingra-

110 853 222 899 tam,
263 842 295 887 fi
322 842 529 902 ejecerit!
563 845 782 900 miseram,
814 846 846 890 fi
883 847 1098 893 amiserit!
1132 847 1215 894 Sed
1244 847 1347 902 finis·

114 905 181 951 fit.
222 921 360 967 neque
393 906 514 951 enim
536 922 625 968 prae
653 908 857 968 lacrymis
886 908 982 968 jam
1003 909 1123 971 loqui
1139 911 1304 971 possum
1325 927 1336 954 :

115 972 158 1013 δε
179 966 253 1012 hic
274 969 316 1013 se
344 968 748 1028 lacrymis-defendi
774 982 908 1016 vetat.
934 987 1011 1017 vos
1034 988 1112 1017 oro
1134 973 1338 1018 obtestor-

112 1046 217 1091 que,
234 1030 416 1089 judices,
440 1044 486 1077 ut
507 1032 555 1077 in
581 1032 795 1079 sententiis
812 1033 1014 1089 ferendi5‚
1038 1034 1155 1096 quod
1189 1035 1340 1082 sentie-

110 1093 182 1148 tis,
227 1092 274 1137 id
289 1094 492 1140 audeatis,
562 1096 763 1141 Vestram
792 1097 1013 1151 virtutem,
1052 1097 1258 1152 ustitiam,
1292 1100 1340 1143 fi-

110 1156 213 1201 dem
238 1156 365 1215 (mihi
381 1157 559 1217 credite)
583 1156 829 1203 ismaxime
850 1159 1071 1220 probabit,
1109 1160 1185 1221 qui
1208 1160 1254 1205 in
1271 1161 1339 1219 ju—

112 1218 281 1263 dicibus
301 1219 496 1278 legendis
514 1219 794 1279 optimum,&
813 1221 1225 1284 sapientiffimum,&
1255 1224 1339 1268 for-

113 1280 316 1326 tiffimum
333 1297 549 1343 quemque
569 1282 690 1345 legit.

255 1436 1176 1498 M.FA1311QU1NT11.1,AN1

171 1526 244 1574 De
268 1526 602 1574 CICERONE
625 1525 861 1589 Judicium.
884 1527 978 1574 Lib.
1002 1542 1074 1575 10.
1097 1528 1279 1592 Institut‘.

546 1612 679 1658 Orat.
706 1609 818 1669 Cap.
858 1623 896 1654 1.

117 1753 188 1788 ιο.
315 1754 555 1787 RATOREs
587 1740 692 1786 vero
722 1741 792 1785 vel
810 1736 1028 1802 praecipue
1054 1740 1260 1787 Latinam
1282 1738 1347 1785 E.-

199 1750 306 1858 Ο
342 1804 611 1864 loquentiam
630 1819 782 1864 parem
798 1803 938 1850 facere
959 1804 1133 1850 Graecae
1152 1803 1336 1865 poffunt.

111 1864 240 1912 Nam
254 1864 522 1911 Ciceronem
559 1865 800 1926 cuicunque
842 1881 995 1913 eorum
1015 1866 1182 1912 fortiter
1202 1879 1340 1926 oppo-

113 1927 271 1972 suerim
289 1944 299 1971 :
336 1928 437 1973 Nec
460 1929 618 1988 ignoro
639 1942 845 1989 quantam
861 1929 974 1974 mihi
995 1929 1211 1975 concitem
1231 1942 1340 1990 pug-

114 2005 235 2044 nam,
269 1989 371 2034 cum
395 1991 631 2050 praesertim
653 1991 700 2038 id
719 2006 807 2036 non
829 1991 879 2037 fit
901 1990 1124 2053 propofiti,
1169 2003 1216 2037 ut
1236 2005 1340 2036 eum

118 2051 405 2098 Demostheni
429 2068 683 2115 comparem
705 2053 792 2099 hoc
809 2066 1005 2116 tempore
1030 2072 1039 2099 :
1062 2069 1201 2115 neque
1217 2052 1338 2099 enim

114 2114 299 2162 attinet;
347 2115 452 2160 cum
475 2117 818 2163 Demosthenem
851 2115 1054 2178 inprimis
1074 2114 1330 2179 legendum,

110 2178 182 2221 vel
202 2175 475 2222 ediscendum
509 2178 652 2239 potius
675 2191 838 2239 putem.
911 2180 1113 2242 Qorum
1133 2193 1221 2242 ego
1249 2177 1340 2222 vir.-

113 2248 224 2284 tutes
258 2238 477 2300 plerasque
514 2240 700 2288 arbitror
731 2240 904 2296 similes,
938 2241 1180 2296 confilium,
1223 2239 1342 2286 ordi·

114 2315 220 2354 nem
254 2300 495 2362 dividendi,
537 2304 824 2368 praeparandi,
857 2304 1075 2370 probandi
1105 2304 1338 2373 rationem,

993 2374 1007 2378 ’
1189 2379 1343 2416 omma.
