1437 2589
140 62 1062 127 ProT.ANN10M1L0NE.
1192 77 1305 138 219

59 172 153 203 rem
172 157 292 203 fuisse
316 175 327 202 ε
360 157 461 204 cum
483 155 717 217 praesertim
738 156 786 201 in
804 170 858 199 ea
873 152 1139 206 confeffione,
1161 151 1190 196 si
1214 166 1314 211 gra·

61 219 94 264 ti
122 219 204 265 effe
232 219 414 274 velletis,
469 219 654 264 honores
680 218 964 279 assequeretur
1000 213 1311 277 amplissimos:

62 280 125 326 sm
145 280 308 327 factum
323 281 447 330 vobis
468 297 556 327 non
576 281 832 342 probaretur
853 282 1119 340 (quanquam
1139 274 1216 336 qui
1238 289 1318 336 po-

61 353 172 389 terat
192 344 298 388 salus
335 343 409 389 sua
428 344 582 404 cuique
605 360 694 389 non
728 342 906 405 probari
924 345 955 401 ἓ)
989 340 1061 386 sed
1101 351 1250 386 tamen
1284 334 1318 381 fi

64 405 205 451 minus
227 405 438 451 fortissimi
459 406 545 451 viri
565 405 699 451 virtus
727 405 895 451 civibus
919 415 1046 465 grata
1065 399 1279 447 cecidisset
1302 414 1317 449 ς

64 483 232 528 magno
274 467 426 513 animo
465 468 762 530 constantique
821 467 993 513 cederet
1034 480 1090 511 ex
1146 462 1321 523 ingrata

65 529 256 578 civitate.
308 545 432 576 namm
447 531 559 592 quid
593 531 694 578 esset
737 529 963 592 ingratiu8‚
1013 525 1152 589 quam
1168 523 1320 571 ‘laetari

64 604 259 648 Caeter05‚
296 591 451 654 lugere
492 609 596 639 eum
617 592 773 649 solum,
797 602 978 655 propter
1008 605 1140 651 quem
1176 585 1321 633 caeteri

65 653 341 701 laetarentur?
374 656 640 717 Qanquam
682 656 768 703 hoc
813 655 963 701 animo
982 654 1150 713 semper
1171 664 1324 695 emnes

64 716 227 763 fuimus
247 717 293 762 in
312 718 463 777 patriae
480 719 775 779 proditoribus
797 715 1114 779 opprimendis,
1130 725 1191 767 ut,
1212 726 1323 773 quo-

66 778 190 826 niam
211 779 353 824 nostra
387 780 532 825 sutura
562 781 663 827 esset
697 781 857 842 gloria,
892 776 1131 840 periculum
1154 787 1324 836 quoque

68 841 349 890 &invidiam
390 843 578 888 nostram
614 855 891 904 putaremus:
926 855 1030 886 nam
1073 854 1169 900 quae
1211 836 1350 885 mih&

67 904 380 950 contribuenda
398 905 490 950 laus
527 905 629 951 esset
656 905 755 967 ipsi,
787 906 891 951 cum
911 915 1079 950 tanturn
1095 903 1142 947 in
1165 898 1327 947 Consu-

68 965 161 1012 latu
195 981 297 1011 meo
332 982 414 1027 pro
442 966 570 1012 vobis
603 982 655 1013 ac
698 967 846 1013 liberis
864 966 1010 1010 vestris
1033 965 1154 1010 ausus
1175 962 1321 1016 essem,

70 1027 201 1084 fi-lid,
235 1030 354 1089 quod
369 1029 580 1085 conabar,
615 1030 701 1076 fine
732 1028 942 1076 maximis
970 1024 1328 1073 dimicationibus

70 1090 183 1138 meis
204 1107 278 1136 me
301 1091 383 1137 effi:
399 1091 597 1138 ausurum
617 1093 884 1138 arbitrarer?
907 1106 1004 1151 quae
1024 1089 1181 1136 mulier
1201 1087 1330 1132 scele-

69 1165 212 1199 ratum
237 1169 290 1198 ac
323 1154 613 1214 perniciosum
635 1156 782 1201 civem
808 1152 1006 1200 occidere
1028 1168 1116 1198 non
1137 1150 1328 1203 auderet,
1355 1186 1357 1188 .

69 1215 104 1262 fi
124 1215 361 1277 periculum
390 1233 478 1262 non
500 1217 704 1265 timeret?
753 1215 976 1277 Proposita
996 1214 1182 1268 invidia,
1216 1226 1334 1259 mor-

71 1289 130 1331 te,
165 1278 310 1338 poenfi,
346 1279 420 1339 qui
440 1279 584 1325 nihilo
603 1279 775 1341 segnius
788 1277 1107 1338 rempublicam
1123 1274 1331 1328 defendit,

73 1340 111 1384 is
128 1340 200 1384 vir
219 1338 321 1386 vere
342 1341 554 1402 putandus
576 1343 647 1387 est.
716 1341 873 1401 Populi·
899 1339 1012 1400 grati
1035 1340 1108 1393 est,
1144 1336 1333 1398 prae'miis

72 1401 244 1447 afficere
265 1404 374 1448 bene
391 1404 568 1448 meritos
589 1405 643 1449 de
658 1403 882 1463 republica
902 1402 1044 1446 cives:
1078 1399 1163 1445 viri
1185 1398 1333 1452 >fortia

73 1478 131 1508 ne
151 1462 366 1526 suppliciis
388 1465 569 1524 quidem
586 1465 771 1518 moveri,
806 1476 854 1510 ut
888 1462 1055 1508 fortiter
1090 1462 1229 1509 fecisse
1243 1476 1335 1520 poe-

74 1525 226 1571 niteat.
301 1528 607 1586 Qamobrem
648 1537 834 1572 uteretur
889 1525 1045 1570 eadem-
1079 1523 1336 1569 confeffionc

75 1588 139 1632 T.
166 1588 351 1642 Annius,
386 1590 470 1648 qua
496 1590 658 1643 Ahala,
693 1588 780 1648 qua
802 1587 981 1640 Nasica,
1001 1587 1089 1647 qua
1108 1585 1332 1646 Opimius.

77 1648 165 1709 qua
207 1651 392 1705 Marius,
427 1651 514 1710 qua
542 1651 815 1710 nosmetipsi:
867 1654 908 1694 ἅς
951 1649 982 1694 fi
1011 1659 1134 1709 grata
1166 1647 1337 1706 respub-

78 1712 164 1757 lica
190 1713 315 1766 effet,
350 1712 594 1758 laetaretur:
644 1713 675 1758 fi
714 1713 900 1773 ingrata,
934 1724 1081 1757 tamen
1122 1710 1169 1756 in
1211 1708 1338 1769 gravi

79 1774 267 1828 fortuna,
300 1773 558 1821 conscientia
580 1775 652 1820 sua
673 1774 892 1820 niteretur.
959 1774 1042 1819 Sed
1065 1772 1193 1831 hujus
1210 1772 1340 1816 bene·

80 1835 171 1881 ficii
207 1836 410 1898 gratiam,
441 1837 623 1895 judices,
658 1837 829 1883 fortuna
865 1836 1015 1898 populi
1051 1833 1262 1888 Romani,
1297 1837 1340 1878 &

83 1899 218 1944 vestra
260 1899 459 1952 felicitas,
496 1904 536 1944 &
570 1900 632 1944 dii
669 1899 933 1945 immortales
962 1898 1042 1944 fibi
1085 1896 1231 1943 deberi
1264 1910 1342 1955 pu-

83 1971 191 2006 tant.
254 1961 355 2006 Nec
384 1962 488 2007 vero
543 1961 771 2023 quisquam
813 1962 937 2006 aliter
972 1960 1170 2007 arbitrari
1188 1959 1340 2019 potest,

86 2022 166 2068 nifi
187 2024 262 2083 qui
283 2023 450 2068 nullam
471 2023 564 2068 vim
585 2025 665 2069 esse
699 2025 833 2078 ducit,
868 2039 1083 2069 numenve
1106 2022 1306 2067 divinum
1330 2037 1343 2067 :

86 2101 219 2144 quem
255 2100 394 2146 neque
423 2086 596 2146 imperii
631 2087 756 2132 vestri
795 2086 1070 2146 magnitudo,
1105 2099 1243 2144 neque
1281 2082 1345 2128 sol

84 2146 176 2200 ille,
211 2162 292 2192 nec
312 2147 411 2192 coeli
433 2148 740 2210 signorumque
761 2159 917 2202 motus,
942 2164 1022 2194 nec
1042 2145 1346 2192 vicissitudines

88 2224 231 2254 rerum
255 2221 381 2270 atque
402 2211 570 2255 ordines
595 2223 786 2264 movent,
812 2226 964 2270 neque,
1000 2210 1046 2255 id
1066 2208 1182 2270 quod
1204 2207 1346 2254 maxi·

89 2286 212 2340 mum
233 2271 305 2326 est,
342 2272 556 2330 majorum
579 2274 815 2318 nostrorum
838 2273 1075 2334 sapientia3
1110 2271 1183 2333 qui
1207 2271 1341 2323 sacra,

88 2348 161 2394 qm
185 2335 479 2389 caeremonias,
514 2335 589 2395 qui
629 2335 818 2395 auspicia
840 2340 880 2380 ὃς
905 2335 982 2394 ipsi
1007 2334 1253 2380 sanctissime
1275 2348 1349 2377 co-

622 2397 663 2444 K
698 2414 731 2456 4
1159 2396 1346 2455 luerunt,
