1437 2589
193 108 309 166 Pro
339 104 502 182 Lege
537 101 972 160 MANILiA.
1148 103 1250 158 181

30 193 202 246 summa
237 195 311 256 Q
328 192 475 239 Catuli
514 191 752 247 voluntate,
789 192 1033 245 constituta,
1072 190 1269 236 recorda-

13 258 156 313 2mini.
226 256 352 317 Qid
385 256 508 303 enim
536 266 628 302 tam
650 271 832 310 novum,
869 251 1004 316 quaim
1027 251 1269 299 adolescen-

9 321 179 382 italum,
221 320 461 382 privatum,
517 319 760 365 exercitum
808 317 976 363 difficili
1018 315 1270 378 reipublicae

10 394 227 466 *tempore
249 383 489 430 conficere?
515 383 729 428 confecit:
769 381 895 427 Huic
922 381 1125 440 praeeffe?
1161 394 1270 439 prae-

17 447 141 496 fuit:
165 448 285 493 Rem
306 443 474 508 optime
497 446 626 492 duCtu
646 445 719 491 suo
741 459 892 506 gerere
916 447 932 490 ?
968 444 1102 505 gessit.
1148 440 1272 504 Qid

30 521 123 559 tam
152 523 306 571 praeter
329 508 702 564 consuetudinem,
739 504 872 569 quam
894 506 1069 552 homini
1091 505 1272 567 perado-

32 573 225 629 lescenti,
258 572 377 632 cujus
396 571 423 618 ὲ
438 573 664 620 Senatorio
680 571 817 634 gradu
831 582 931 616 aetas
946 565 1080 631 longe
1097 568 1270 623 abesset,

28 637 270 699 imperium
283 648 414 697 atque
426 636 671 682 exercitum
686 635 804 681 dari?
832 633 1035 680 Siciliam
1055 632 1271 694 permitti,

0 709 1 755 ἲ
27 711 161 762 atque
183 700 403 755 Africam,
448 699 700 760 bellumque
716 699 761 744 in
784 696 838 743 eii
855 694 1274 743 administrandum?

0 763 1 766 ’
27 765 68 817 F
73 764 135 810 uit
158 764 204 809 in
222 763 290 808 his
314 762 558 810 Provinciis
576 761 786 823 singulari
809 759 1078 814 innocentia,
1126 758 1274 819 gravi-

29 838 138 882 tate‚
165 827 327 872 virtute
350 844 360 872 ;
378 825 545 872 bellum
567 826 614 871 in
627 825 787 871 Afric&
800 823 1051 869 maximum
1065 821 1274 877 confecit,

23 891 246 936 victorem
278 889 525 935 exercitum
561 888 823 950 deportavit.
892 886 1013 949 Qid
1049 885 1154 931 vero
1177 895 1273 931 tam

31 953 293 1007 inauditum,
316 949 451 1013 quum
470 953 661 1014 equitem
688 952 944 997 Romanum
964 948 1272 1011 triumphare?

19 1028 80 1064 ‘at
110 1033 211 1062 eam
236 1031 410 1077 quoque
444 1031 540 1062 rem
569 1014 752 1076 populus
781 1015 1008 1060 Romanus
1029 1029 1117 1059 non
1139 1009 1276 1057 modo

33 1080 147 1126 vidit
169 1097 182 1130 ;
222 1078 296 1125 sed
331 1078 468 1126 etiam
503 1079 642 1124 studio
677 1077 801 1123 omni
832 1075 1059 1122 visendam
1088 1074 1275 1138 putavit.

36 1143 159 1206 Qid
175 1153 268 1188 tam
289 1141 559 1196 inusitatum,
584 1138 719 1203 quum
742 1152 802 1197 ut,
829 1140 932 1186 cum
947 1139 1034 1185 duo
1059 1137 1274 1186 Consules

35 1205 254 1253 clariffimi
287 1205 588 1266 fortissimique
626 1205 770 1260 efflent,
803 1219 935 1264 eques
959 1204 1192 1249 Romanus
1208 1201 1265 1247 ad

12 1269 204 1316 ·be]lum
225 1268 477 1315 maximum
499 1267 1022 1327 formidolosissimumque
1053 1282 1134 1327 pro
1152 1266 1279 1311 Con·

41 1331 129 1379 sule
151 1332 427 1379 mitteretur?
459 1331 605 1377 missus
627 1332 721 1377 est.⁴
772 1331 876 1393 Qo
899 1330 1080 1391 quidem
1108 1340 1282 1390 tempo-

40 1413 104 1451 re,
128 1396 231 1442 cum
251 1395 351 1442 effet
370 1411 459 1441 non
480 1411 612 1441 nemo
633 1394 680 1440 in
699 1396 875 1449 Senatu,
892 1394 967 1456 qui
991 1393 1169 1446 diceret,
1190 1407 1279 1438 non

41 1471 242 1522 oportere
268 1459 386 1505 mitti
421 1458 651 1504 hominem
692 1458 915 1518 privatum
951 1472 1032 1517 pro
1064 1454 1247 1502 Consule
1267 1471 1282 1505 ;

45 1524 100 1571 L.
126 1523 358 1583 Philippus
380 1522 534 1568 dixisse
566 1521 740 1575 dicitur,
780 1537 869 1566 non
891 1521 931 1566 se
951 1519 1078 1565 illum
1099 1518 1172 1564 suci.
1193 1517 1282 1563 sen-

46 1586 184 1632 tentia
219 1601 300 1647 pro
323 1585 529 1639 Consule,
571 1584 641 1629 sed
682 1600 762 1645 pro
799 1582 1061 1630 Consulibus
1089 1582 1278 1627 mittere.

46 1650 200 1696 Tanta
216 1650 264 1696 in
278 1664 331 1694 eo
345 1648 594 1709 reipublicae
609 1645 720 1693 bene
736 1647 936 1708 gerendae
949 1647 1039 1708 spes
1054 1644 1282 1691 constitue-

49 1713 191 1766 batur,
237 1723 284 1758 ut
312 1712 497 1761 duorum
522 1711 760 1757 Consulum
790 1727 947 1756 munus
993 1710 1117 1754 unius
1140 1708 1285 1754 adole-

50 1775 204 1822 scentis
221 1775 372 1820 virtuti
395 1775 754 1821 committeretur.
802 1773 927 1836 Qid
943 1786 1031 1819 tam
1051 1771 1282 1833 singulare,

49 1835 186 1900 quum
207 1848 254 1883 ut
290 1853 346 1883 ex
369 1836 742 1884 senatusconsulto
763 1837 935 1898 legibus
957 1837 1130 1890 solutuS,
1170 1836 1288 1880 Con-

50 1901 113 1948 sul
135 1898 234 1947 ante
253 1902 387 1954 fieret,
422 1899 555 1962 quzim
573 1900 709 1947 ullum
731 1900 868 1950 alium
881 1901 1189 1961 magistratum
1210 1912 1289 1958 per

15 2010 20 2018 ,
52 1965 171 2025 leges
194 1979 346 2025 capere
362 1963 541 2010 licuiflet
565 1968 580 2011 ?
618 1964 725 2024 quid
745 1977 838 2014 tam
859 1962 1131 2017 incredibile,
1155 1961 1289 2023 quz‘un

57 2040 103 2073 ut
128 2028 288 2073 iterum
308 2043 435 2088 eques
460 2028 684 2073 Romanus
713 2043 769 2072 ex
793 2029 836 2073 S.
874 2027 928 2073 C.
959 2026 1248 2086 triumpharet
1271 2029 1287 2070 ἓ

57 2106 154 2152 quae
193 2090 237 2135 in
278 2089 483 2135 omnibus
515 2089 768 2135 hominibus
803 2105 920 2135 nova
941 2091 1035 2150 post
1055 2089 1290 2134 hominum

36 2198 38 2201 .
60 2153 324 2200 memoriam
342 2152 565 2199 constituta
586 2153 694 2207 sunt,
729 2169 782 2198 ea
802 2164 895 2199 tam
916 2153 1053 2199 multa
1074 2167 1163 2196 non
1180 2151 1286 2204 sunt,

42 2232 43 2236 ¹
61 2213 195 2278 quum
216 2216 328 2270 haec,
352 2231 447 2276 quae
470 2215 514 2261 in
537 2216 623 2262 hoc
645 2232 731 2261 uno
749 2215 929 2261 homine
944 2216 1149 2261 vidimus.
1212 2215 1292 2259 At-

35 2294 145 2339 -que
169 2278 263 2324 haec
300 2289 364 2324 tot
385 2278 604 2338 exempla,
645 2291 779 2333 tanta,
823 2296 875 2324 ac
896 2290 989 2323 tam
1023 2292 1154 2331 nova,
1195 2292 1291 2336 pro-

33 2371 39 2375 ·
64 2341 177 2387 fecta
196 2341 290 2388 sunt
306 2341 350 2386 in
367 2341 553 2387 eundem
576 2341 802 2386 hominem
826 2340 1122 2402 &QCatulo,
1161 2351 1290 2399 atque

36 2423 38 2426 ·
66 2399 94 2451 ὲ
114 2415 370 2451 caeterorum
383 2404 574 2466 ejusdem
596 2404 822 2466 dignitatis
841 2404 1202 2465 amplissimorum
1215 2403 1295 2447 ho-

1121 2480 1292 2511 minum
