1437 2589
173 105 288 163 Pro
316 104 397 163 T.
427 106 700 165 ANNIO
729 106 1073 167 MILONE.
1165 131 1280 188 203

62 213 377 249 concurrerent.
401 201 551 248 omnia
571 214 665 248 tum
687 203 941 264 deniquedn
961 203 1083 250 illum
1106 206 1207 253 odia
1230 211 1291 254 ci-

63 265 188 311 vium
227 266 435 312 ardebant
465 266 674 312 desiderio
731 267 845 314 mei:
894 283 1023 329 quem
1067 270 1140 330 qui
1193 283 1289 318 tum

62 327 355 384 interemisset,
410 346 500 374 non
554 330 608 374 de
652 330 908 391 impunitate
966 331 1069 389 ejus,
1121 332 1191 379 sed
1234 336 1291 380 de

62 392 258 452 praemiis
321 393 602 453 cogitaretur.
669 395 847 439 Tamen
898 393 939 439 se
984 395 1102 440 Milo
1151 399 1291 443 conti-

62 454 171 508 nuit,
209 459 250 500 &
286 455 333 501 P.
383 455 591 501 Clodium
621 456 677 501 ad
713 456 928 516 judicium
966 457 1049 513 bis,
1109 459 1164 504 ad
1194 461 1290 506 vim

62 532 288 579 nunquam
333 518 521 564 vocavit.
591 519 745 582 Qid?
801 520 973 580 privato
1016 520 1208 578 Milone,
1246 528 1290 569 Sc

61 594 136 626 reo
153 581 208 626 ad
230 580 457 642 populum,
513 584 738 629 accusante
776 584 826 631 Ρ.
873 583 1049 640 Clodio,
1095 585 1197 631 cum
1241 586 1297 632 in-

0 681 2 683 .
62 643 145 689 Cn.
185 643 448 705 Pompeium
495 661 576 706 pro
622 646 801 692 Milone
835 645 1052 693 dicentem
1097 648 1287 709 impetus

57 705 191 752 sacius
213 707 270 751 est
288 725 301 758 3
337 724 433 769 quae
454 719 548 754 tum
572 725 660 754 non
687 710 821 756 modo
841 709 1023 766 occasio,
1064 709 1134 757 sed
1154 712 1293 760 etiam

58 769 184 816 causa
218 769 330 815 illius
364 771 643 832 opprimendi
681 773 787 819 fuit?
824 773 984 834 Nuper
1013 774 1133 829 vero,
1185 776 1289 822 cum

59 831 131 878 Μ’.
157 833 379 878 Antonius
400 835 617 880 summam
638 836 759 896 spem
779 835 918 881 salutis
941 836 1067 883 bonis
1086 839 1289 887 omnibus

58 896 275 950 attulisset,
312 897 694 959 gravissimamque
732 898 972 944 adolescens
1007 900 1289 948 nobiliffimus

56 958 309 1019 reipublicae
346 973 515 1020 partem
537 958 760 1008 fortissime
781 960 1030 1023 suscepiffet,
1067 976 1194 1026 atque
1237 965 1293 1010 il-

56 1021 147 1068 lam
185 1021 392 1078 belluam,
433 1023 587 1083 judicii
625 1025 800 1087 laqueos
839 1025 1144 1083 declinantem,
1189 1028 1287 1087 jam

56 1083 271 1131 irretitam
306 1097 505 1133 teneret:
540 1087 616 1148 qui
639 1088 772 1142 locus,
805 1089 922 1148 quod
956 1101 1124 1152 tempus
1160 1091 1286 1146 illud,

56 1147 118 1193 dii
141 1147 426 1204 immortales,
472 1149 555 1196 fuit
579 1154 595 1196 ?
630 1151 731 1196 cum
761 1149 801 1196 se
823 1150 897 1197 ille
933 1151 1107 1213 fugiens
1132 1153 1178 1199 in
1199 1153 1290 1200 sca-

55 1210 196 1257 larum
234 1212 429 1258 tenebras
465 1212 704 1268 abdidisset,
758 1229 972 1275 magnum
1006 1217 1289 1263 fx11i10nifuit

55 1275 266 1322 conficere
286 1274 409 1321 illam
429 1277 605 1337 pestem,
645 1277 764 1322 nulla
782 1276 856 1323 sua
877 1277 1062 1334 invidia,
1098 1280 1288 1326 Antonii

55 1337 159 1384 vero
190 1338 389 1384 maxima
424 1339 594 1400 gloria?
640 1340 803 1404 Qid?
837 1342 1028 1387 comitiis
1050 1343 1095 1388 in
1127 1359 1289 1405 campo

54 1399 224 1462 quoties
241 1403 422 1463 'potestas
440 1402 521 1448 fuit
546 1407 561 1449 ?
596 1419 697 1449 cum
720 1404 793 1449 ille
815 1404 861 1448 vi
884 1406 931 1451 in
952 1404 1068 1466 septa
1090 1405 1289 1462 irruiffet,

56 1461 227 1525 gladios
258 1464 587 1526 distringendos,
627 1467 792 1528 lapides
831 1468 1056 1527 jaciendos
1086 1470 1284 1525 curasset,

52 1527 210 1573 deinde
246 1527 400 1584 subito,
439 1529 561 1575 vultu
594 1531 779 1576 Milonis
813 1531 1079 1593 perterritus,
1114 1532 1287 1593 fugeret

54 1589 111 1636 ad
132 1590 354 1647 Tiberim,
394 1606 470 1638 vos
495 1598 535 1638 ἂν
560 1609 711 1639 omnes
733 1593 840 1640 boni
876 1607 982 1640 vota
1002 1595 1214 1651 faceretis,
1240 1608 1289 1643 ut

53 1652 220 1700 Miloni
243 1655 306 1701 uti
329 1653 488 1705 virtute
517 1656 586 1702 sua
619 1656 770 1704 liberet
795 1661 811 1704 ?
852 1658 1000 1721 Qem
1023 1658 1160 1720 igitur
1179 1675 1284 1706 cum

50 1716 253 1763 omnium
278 1717 423 1780 gratia
443 1718 597 1776 noluit,
622 1721 738 1766 hunc
754 1720 894 1767 voluit
915 1737 1018 1766 cum
1039 1722 1286 1784 aliquorum

14 1836 16 1839 r
49 1780 262 1842 querela?
301 1797 431 1843 quem
448 1781 559 1841 jure,
598 1799 729 1845 quem
770 1784 885 1840 loc0,
908 1801 1040 1846 quem
1070 1796 1291 1847 tempore,

51 1859 183 1904 quem
213 1841 408 1906 impune,
448 1862 536 1891 non
570 1847 628 1892 est
649 1847 804 1899 ausus;
841 1848 958 1894 hunc
981 1848 1158 1908 injurizi,
1204 1847 1285 1894 ini-

49 1922 139 1967 quo
159 1905 274 1962 loco,
299 1907 442 1954 alieno
463 1919 676 1971 tempore,
714 1912 911 1971 periculo
925 1911 1078 1973 capitis
1097 1929 1187 1958 non
1208 1913 1284 1958 du·

48 1968 211 2015 bitavit
232 1971 427 2016 occidere
453 1975 468 2018 ?
501 1971 753 2034 praesertim,
795 1974 978 2034 judiceS,
1019 1975 1122 2021 cum
1147 1976 1284 2020 hono-

50 2033 108 2078 ris
139 2035 390 2095 ampliffimi
421 2036 660 2092 contentio,
703 2041 743 2083 δε
766 2037 855 2083 dies
879 2038 1160 2085 comitiorum
1187 2038 1280 2084 sub-

48 2096 150 2142 ess'et
168 2115 178 2142 ε
200 2112 288 2158 quo
304 2097 482 2159 quidem
495 2110 691 2160 tempore
716 2100 818 2160 (scio
835 2101 953 2147 enim
971 2101 1102 2163 quam
1126 2102 1283 2146 timida

48 2159 102 2207 fit
134 2160 339 2217 ambitio,
379 2162 623 2225 quantaque
647 2167 686 2209 δε
708 2161 844 2225 quam
865 2164 1031 2211 solicita
1068 2165 1282 2225 cupiditas

51 2221 323 2286 Consulatus)
346 2225 500 2270 omnia
524 2243 611 2272 non
642 2226 790 2282 modo,
820 2243 915 2289 quae
931 2228 1185 2289 reprehendi
1205 2243 1282 2288 pa-

49 2283 157 2340 lam,
192 2286 264 2332 sed
292 2287 426 2334 etiam
447 2303 543 2349 quae
579 2287 756 2335 obscure
793 2292 980 2352 cogitari
1009 2291 1189 2351 possunt,
1226 2291 1283 2336 ti-

50 2364 255 2396 memus:
289 2367 526 2407 rumorem,
562 2353 757 2399 fabulam
797 2353 958 2409 fletam,
997 2353 1148 2399 falsam
1184 2370 1280 2415 per-

49 2411 367 2461 horrescimus:
410 2430 487 2462 ora
508 2415 709 2463 omnium
729 2428 855 2479 atque
877 2416 1022 2465 oculos
1045 2417 1279 2464 intuemur.

1140 2480 1275 2527 Nihil

1248 2563 1265 2589 ῐ
