1437 2589
256 102 843 161 InCA'r121NAM
917 104 963 163 Ι.
1177 109 1259 166 61-

35 197 150 246 diem·
163 195 304 257 postea
318 195 369 240 L.
389 196 666 241 Saturninum
683 196 935 242 Tribunum
956 195 1110 258 plebis,
1137 201 1177 242 &
1198 199 1252 244 C.

34 259 253 308 Servilium
276 260 504 304 Praetorem
527 275 642 304 mors
663 275 714 304 ac
735 260 918 321 reipubl.
954 276 1084 321 poena
1115 276 1257 306 remo-

32 333 116 370 rata
133 322 222 368 esti
254 322 316 366 At
331 336 406 366 nos
427 322 688 382 vigesimum
715 322 811 381 jam
831 323 950 368 diem
974 324 1164 383 patimur
1181 324 1254 368 he·

31 385 185 432 bescere
220 384 359 429 aciem
390 383 548 430 horum
564 385 840 430 auctoritati&
908 385 1117 431 habemus
1133 387 1253 430 enim

29 446 260 508 hujusmodi
281 447 709 502 Senatusconsultum‚
740 460 1023 493 veruntamen
1041 449 1253 494 inclusum

30 510 74 558 in
91 510 257 565 tabulis,
275 521 478 571 tanquam
488 510 685 571 gladium
709 510 754 555 in
770 512 934 572 vagina
956 512 1249 556 reconditum:

28 588 110 635 quo
141 589 195 618 ex
230 571 594 618 Senatusconlulto
630 573 856 619 confestim
900 575 1171 620 interfectum
1209 586 1252 620 te

28 635 116 691 effe,
150 635 353 690 Catilina,
395 636 612 681 convenit.
682 637 830 691 Vivis,
856 641 896 681 <Sc
918 637 1048 692 vivis,
1084 653 1171 683 non
1194 637 1250 682 ad

27 698 327 760 deponendam,
345 698 415 743 sed
431 698 486 743 ad
505 699 846 745 confirmandam
863 700 1104 745 audaciam.
1164 701 1251 746 Cu-

27 760 109 824 pio,
143 761 188 806 P.
214 761 266 806 C.
302 777 371 806 me
388 761 467 806 esse
490 761 763 817 clementem,
799 763 929 823 cupio
952 763 998 808 in
1020 763 1148 808 tantis
1166 764 1246 808 rei-

25 823 122 885 pub.
154 823 350 885 periculis
369 840 457 869 non
480 825 723 870 dissolutum
752 826 890 871 videri
915 843 924 871 :
960 826 1028 871 sed
1040 826 1136 886 jam
1158 842 1248 871 me-

26 884 615 950 ipsuminertiaenequitiaeque
631 889 890 934 condemno
924 890 1071 934 Castra
1086 888 1179 935 sunt
1201 890 1249 934 in

26 949 147 998 Italia
165 962 311 996 contra
330 951 529 1012 rempub.
562 952 609 996 in
631 951 814 997 Etruriae
837 951 1034 997 faucibus
1058 952 1246 997 colloca-

27 1024 98 1059 ta:
128 1013 272 1059 crescit
307 1014 353 1058 in
374 1013 463 1058 dies
496 1013 684 1075 singulos
707 1014 897 1060 hostium
918 1031 1139 1061 numerus:
1173 1031 1252 1061 eo·-

25 1090 114 1121 rum
133 1086 272 1121 autem
290 1075 597 1137 imperatorem
621 1077 869 1132 castrorum,
903 1076 1146 1139 ducemque
1167 1078 1246 1123 ho-

25 1137 154 1192 stiurn,
186 1137 297 1184 intra
309 1139 489 1195 moenia,
508 1152 636 1201 atque
653 1139 760 1186 adeo
782 1140 828 1186 in
850 1143 1004 1186 Senatu
1028 1141 1242 1196 videmus,

23 1199 251 1257 intestinam
267 1202 461 1263 aliquam
482 1202 677 1265 quotidie
701 1204 943 1264 perniciem
965 1203 1131 1264 reipub.
1150 1219 1244 1249 mo-

24 1261 202 1310 lienoem.
265 1265 312 1310 Si
329 1276 370 1310 te
386 1265 497 1324 jam,
516 1266 725 1322 Catilina,
763 1267 1095 1327 comprehendi,
1131 1266 1162 1311 fi
1180 1267 1245 1312 in-

24 1325 144 1382 terfici
160 1326 313 1386 juffero
330 1345 350 1378 ·,
378 1328 522 1384 credo,
558 1329 640 1374 erit
655 1330 894 1375 verendum
911 1330 1042 1384 mihi,
1078 1327 1133 1374 ne
1155 1347 1253 1376 non.

24 1386 103 1434 hoc
134 1389 272 1450 potius
313 1406 462 1436 omnes
506 1392 611 1437 boni
649 1391 778 1437 serius
801 1390 826 1437 a
849 1409 942 1448 me,
979 1389 1110 1453 quam
1134 1393 1244 1453 quis-

23 1465 144 1511 quam
158 1453 364 1498 crudelius
385 1454 548 1500 factum
561 1455 639 1500 effe
657 1454 786 1500 dicat.
855 1455 1024 1501 Verum
1041 1470 1126 1516 ego
1141 1456 1243 1511 hoc,

21 1513 128 1574 quod
156 1514 419 1576 jampridem
458 1517 620 1562 factum
657 1518 737 1563 effe
775 1518 980 1579 oportuit,
1037 1517 1153 1563 certa
1190 1518 1246 1563 de

20 1575 137 1624 causa
150 1579 338 1624 nondum
360 1579 548 1626 adducor
569 1592 614 1625 ut
635 1581 795 1626 faciam
820 1598 829 1626 t
865 1593 958 1627 tum
975 1581 1159 1641 denique
1181 1581 1246 1626 in-

20 1637 226 1696 terficiere‚
259 1642 359 1687 cum
375 1643 471 1701 jam
492 1659 622 1689 nemo
644 1655 734 1689 tam
753 1644 993 1704 improbus,
1038 1656 1127 1689 tam
1151 1659 1245 1704 per-

20 1700 137 1756 ditus,
165 1714 254 1751 tam
285 1705 345 1750 tui
376 1705 526 1750 similis
550 1706 741 1752 inveniri
764 1707 938 1768 poterit,
973 1707 1048 1768 qui
1087 1707 1134 1752 id
1155 1723 1244 1752 non

18 1761 101 1823 jure
116 1764 271 1812 fanum
292 1768 370 1813 effe
402 1768 596 1817 fateatur.
665 1770 890 1831 Qamdiu
912 1769 1139 1831 quisquam
1161 1770 1244 1816 erit
1272 1822 1275 1823 ⁷

22 1826 88 1887 qui
108 1828 375 1876 tedefendere
391 1832 561 1887 audeat,
580 1832 700 1877 vives
720 1850 733 1883 3
755 1838 795 1877 Sc
818 1834 938 1878 vives
957 1830 1018 1878 ita
1049 1844 1094 1878 ut
1123 1848 1240 1878 nunc

21 1887 137 1951 Vivis,
170 1893 313 1938 multis
346 1895 454 1938 meis
494 1899 533 1940 Sc
557 1895 690 1940 firmis
723 1895 926 1955 praefi-diis
956 1895 1150 1950 obsessus,
1186 1911 1242 1940 ne

0 1963 275 2023 ‚cqmmovere
299 1967 340 2001 te
371 1970 519 2003 contra
540 1958 754 2019 rempubl.
781 1959 916 2019 poffis.
942 1959 1179 2003 multorum
1202 1970 1243 2004 te

19 2023 140 2075 epam
155 2017 266 2063 oculi
286 2023 326 2064 Sc
343 2035 461 2065 aures
484 2037 570 2066 non
585 2021 853 2075 sentientem,
890 2021 994 2067 ficut
1016 2021 1158 2066 adhuc
1182 2020 1242 2065 fc—

18 2087 173 2135 qetunt,
198 2079 538 2141 speculabuntur,
585 2095 712 2145 atque
750 2084 996 2129 custodient.
1065 2083 1241 2128 Etenim

20 2136 122 2210 Q
134 2142 204 2203 est,
241 2143 448 2202 Catilina,
483 2146 600 2208 quod
623 2146 718 2206 jam
740 2147 926 2207 amplius
950 2146 1181 2207 exspectes,
1207 2146 1239 2191 fi

18 2213 147 2274 ”effug
175 2218 262 2251 nox
281 2208 464 2254 tenebris
494 2208 718 2255 obscurare
755 2222 888 2255 coetus
911 2209 1113 2263 nefarios,
1155 2224 1261 2253 nec,

18 2267 351 2324 mmdonms
405 2271 607 2317 arietibus
636 2273 855 2318 continere
878 2287 1033 2318 vocem
1044 2272 1240 2330 conjura-

16 2322 240 2396 lpnistuae
255 2344 355 2401 pote
413 2338 429 2380 ?
469 2334 500 2379 s1
523 2335 792 2390 illustrantur,
830 2335 859 2380 fi
881 2346 1111 2396 erumpunt
1142 2350 1238 2378 om—

15 2391 135 2457 ¹32⁸?-
150 2391 274 2441 Muta
302 2395 396 2456 jam
420 2397 540 2443 istam
563 2410 774 2447 mentem:
810 2397 1090 2444 mihicrede:
1126 2396 1238 2441 obli-

16 2474 26 2494 ψ·
37 2470 46 2511 2
52 2460 102 2513 ἦ,
1076 2459 1119 2506 vi
1126 2458 1235 2507 scere

28 2559 103 2589 assu
