1437 2589
168 90 285 148 Pro
315 87 1076 150 T.ANN10N111.0NE.
1166 107 1288 167 225

67 181 211 230 secum
231 184 272 232 se
290 185 536 231 ablaturum
556 185 636 231 esse
652 186 772 233 dicit.
819 186 1031 232 Meminit
1051 186 1186 231 etiam
1209 187 1289 234 fibi

66 260 223 296 vocem
244 248 457 294 Praeconis
491 249 622 294 modo
638 249 827 303 defixiffe,
861 265 994 309 quam
1018 247 1201 293 minime
1219 250 1300 293 de-

67 307 289 360 siderari&
326 310 476 370 populi
507 325 612 356 vero
653 312 813 356 cunetis
843 310 1071 369 suffragiis,
1106 311 1222 370 quod
1244 327 1291 355 u-

0 426 4 430 ,
65 385 176 417 num
210 373 410 431 cupierit,
451 372 492 416 se
517 371 751 418 Consulem
781 373 1061 419 declaratum.
1089 388 1200 417 nunc
1217 374 1289 418 de-

0 439 4 462 ῑ
64 432 212 494 nique,
248 434 279 478 fi
300 435 394 478 haec
412 449 535 479 arma
555 446 705 480 contra
726 435 766 480 se
787 436 867 480 sint
889 436 1047 489 sutura,
1082 435 1160 479 fibi
1183 436 1288 480 faci-

64 496 181 540 noris
197 494 496 556 suspicionem,
513 512 601 542 non
614 496 716 542 faeti
739 498 920 551 crimen,
947 498 1125 542 obstare.
1198 498 1289 543 Ad-

0 556 131 610 †-dit
173 558 284 612 haec,
319 575 416 619 quae
453 556 566 604 certe
596 574 701 604 vera
722 558 830 613 sunt,
862 560 992 604 fortes
1017 566 1056 604 δε
1079 559 1288 620 sapientes

0 631 43 677 γ-
64 620 180 664 viros
204 636 291 665 non
314 632 405 666 tam
427 620 609 680 praemia
630 621 747 682 sequi
778 621 908 666 solere
930 619 1041 667 reete
1057 621 1286 678 faeiorum,

0 685 43 730 1·-
65 679 197 742 quam
229 682 320 742 ipsa
341 682 454 728 rech}
474 683 586 728 fafta
609 701 619 728 :
655 684 695 728 se
716 683 829 740 nihil
854 683 898 729 in
920 683 1030 739 vita,
1065 684 1143 729 nisi
1182 700 1288 745 prae-

62 742 307 798 clarissime,
343 744 508 790 feciffe:
544 745 754 806 fiquidem
782 746 893 791 nihil
930 746 981 790 fit
1018 747 1290 806 praestabilius

65 806 177 861 viro,
221 805 354 868 quam
386 807 587 868 periculis
641 809 828 867 patriam
876 808 1089 853 liberare:
1139 809 1288 855 beatos

11 868 18 872 “
64 869 161 923 effe,
201 869 355 929 quibus
397 886 449 915 ea
486 885 550 914 res
589 869 743 915 honori
785 868 958 915 fuerita
980 870 1059 916 suis
1084 871 1288 918 civibus:

64 945 145 976 nec
167 943 316 976 tamen
347 948 419 976 eos
442 930 618 977 miseros
639 934 713 992 qui
740 932 952 978 beneficio
974 933 1089 978 cives
1111 934 1204 979 suos
1224 933 1289 977 vi-

64 992 236 1038 cerint:
280 993 351 1039 sed
389 1005 534 1040 tamen
568 1009 624 1039 ex
664 993 866 1040 Omnibus
890 995 1079 1055 praemiis
1102 995 1285 1051 virtutis,

65 1053 97 1099 fi
130 1055 231 1100 effet
271 1055 472 1102 habenda
509 1055 621 1100 ratio
642 1057 941 1116 praemiorum‚
978 1058 1288 1117 ampliffimum

66 1117 146 1161 effe
181 1118 413 1177 praemium
457 1117 681 1178 gloriam:
731 1119 811 1164 effe
848 1119 963 1164 hanc
994 1135 1145 1173 unam,
1192 1137 1289 1181 quae

65 1178 322 1225 brevitatem
340 1181 441 1225 vitae
463 1180 716 1240 posteritatis
734 1181 951 1226 memoria
972 1181 1286 1232 consolaretur3

63 1256 159 1301 quae
179 1242 380 1296 efficeret,
424 1254 471 1286 ut
491 1243 679 1288 absentes
702 1243 948 1298 adessemus,
977 1243 1136 1290 mortui
1170 1245 1291 1290 vive·

66 1318 242 1348 remus:
277 1305 392 1349 hanc
427 1304 612 1365 denique
633 1305 729 1360 effe,
765 1306 887 1365 cujus
922 1307 1127 1367 gradibus
1151 1307 1285 1353 etiam

12 1401 15 1404 ⁴
64 1364 267 1411 homines
291 1366 336 1410 in
368 1366 526 1411 coelum
554 1367 780 1412 videantur
816 1369 1053 1414 ascendeie.
1122 1369 1192 1414 De
1215 1385 1289 1417 me

64 1426 223 1487 inquit,
254 1428 422 1488 semper
450 1429 632 1488 populus
662 1431 904 1485 Romanus,
939 1430 1106 1490 semper
1135 1447 1288 1477 omnes

64 1501 214 1550 gentes
243 1489 488 1550 loquentur,
524 1492 640 1538 nulla
677 1507 869 1552 unquam
913 1491 1178 1539 obmutescet
1214 1510 1288 1539 ve—

69 1552 210 1597 tustas.
238 1554 343 1614 quin
377 1553 462 1598 hoc
478 1565 671 1614 tempore
693 1554 802 1614 ipso,
825 1555 929 1600 chm
950 1571 1099 1600 omnes
1130 1553 1155 1600 a
1177 1557 1286 1607 meis

65 1613 262 1660 inimicis
296 1615 410 1660 faces
442 1615 619 1661 invidiae
657 1632 766 1662 meae
786 1617 1099 1676 subjiciantur3
1139 1630 1287 1665 tamen

65 1677 190 1721 omni
218 1677 265 1722 in
294 1677 526 1722 hominum
547 1690 678 1733 coetu,
715 1679 865 1739 gratiis
895 1680 1089 1739 agendis,
1126 1685 1166 1725 δε
1190 1695 1289 1740 gra-

64 1739 346 1785 tulationibus
374 1739 605 1794 habendi5‚
662 1745 702 1786 &
725 1741 848 1787 omni
880 1741 1074 1788 sermone
1095 1742 1291 1796 'celebra-

65 1815 178 1847 mur.
246 1801 418 1848 Omitto
441 1803 623 1848 Etruriae
644 1802 767 1850 festos
801 1809 842 1850 δε
863 1805 995 1858 ειέὶοε,
1021 1810 1061 1849 &
1080 1801 1292 1850 instituto's

65 1863 157 1910 dies
175 1880 186 1908 z
221 1865 453 1910 centefima
485 1865 560 1909 lux
582 1865 641 1911 est
662 1866 760 1912 haec
779 1867 835 1913 ab
856 1864 1030 1912 interitu
1049 1867 1097 1912 P.
1121 1867 1289 1921 Clodii,

67 1929 128 1980 &‚
174 1937 221 1971 ut
256 1927 431 1987 opinor,
466 1926 631 1972 altera:
681 1926 766 1989 qua
801 1928 902 1973 fines
941 1928 1115 1989 imperii
1137 1930 1288 1989 populi

66 1988 260 2034 Romani
298 1988 409 2044 sunt,
448 1987 501 2035 ea
521 2005 610 2035 non
630 1989 769 2036 solnm
786 1989 903 2036 fama
912 1991 1006 2051 jam
1027 1991 1079 2036 de
1103 1992 1193 2046 illo,
1217 1991 1289 2038 sed

65 2050 201 2095 etiam
235 2049 388 2098 laetitia
423 2051 689 2113 peragravit.
757 2053 1060 2116 Qamobrem
1098 2053 1172 2098 ubi
1196 2067 1288 2099 cor-

66 2125 146 2171 pus
165 2111 252 2157 hoc
273 2112 341 2167 fit,
376 2129 482 2168 non,
506 2113 664 2175 inquit,
708 2113 877 2170 laboro,
912 2115 1121 2175 quoniam
1144 2109 1288 2161 omni-

66 2173 145 2219 bus
167 2173 215 2222 in
249 2175 370 2220 terris
397 2175 552 2236 &jam
569 2172 771 2231 versatur,
808 2181 850 2222 δε
887 2175 1053 2236 semper
1075 2177 1290 2223 habitabit

67 2235 259 2281 nominis
276 2236 362 2284 mei
379 2237 536 2299 gloria.
601 2238 715 2285 Haec
732 2248 779 2284 tu
801 2253 974 2285 mecum
989 2238 1113 2299 saepe,
1131 2240 1199 2284 his
1216 2239 1289 2284 ab·

69 2295 286 2364 sentibus:
318 2299 392 2350 sed
426 2297 583 2350 iisdem
602 2299 889 2361 audientibus,
911 2302 1005 2350 haec
1020 2315 1105 2367 ego
1127 2313 1290 2410 ιῗᾶιῇη,

1246 2378 1288 2409 ο,

1261 2506 1289 2552 ,ἒ
