1437 2589
122 181 126 184 ’
192 155 938 235 ProLegeMAN1L1A.
1136 159 1244 230 185

61 250 162 302 fuue
184 247 242 295 ab
265 263 368 302 uno,
392 261 532 307 neque
553 260 610 292 ex
641 245 728 291 hoc
747 245 860 300 loco,
904 245 975 291 sed
995 244 1150 291 eadem
1170 262 1250 292 no-

46 309 63 367 ]
91 334 96 349 ε
127 310 201 357 illa
221 308 542 357 laboriofiffima
559 308 725 356 ratione
746 309 863 363 vitae,
889 307 921 353 s1
940 309 1074 354 vestra
1099 308 1252 355 volun-

38 429 41 436 *
69 397 80 413 —2
111 374 239 430 fetet,
275 372 604 435 consequemur.
673 371 994 433 Qamobrem,
1044 371 1254 433 quicquid

50 423 167 484 'hac
187 436 314 484 causa
342 435 456 499 mihi
476 435 718 496 susceptum
733 435 806 491 est,
840 435 1054 496 QiriteS,
1092 434 1139 480 id
1157 450 1251 481 om-

112 507 183 546 m'e
204 499 456 560 reipublicae
487 497 617 544 causa
648 497 866 559 suscepissb
888 498 1126 543 confirmo:
1157 509 1250 544 tan-

38 558 104 624 ’ϊ.ι..
117 579 199 626 que
214 563 329 609 abest
345 574 392 609 ut
406 561 599 623 aliquam
614 560 779 608 bonam
795 560 987 622 gratiam
1008 560 1124 607 mihi
1140 577 1254 622 quae-

23 635 107 693 3¹2⁶·
156 625 320 682 videar,
355 637 403 671 ut
422 624 580 673 multas
610 625 749 672 etiam
786 623 1034 679 fimultates,
1088 625 1254 685 partim

18 689 79 745 ᾗ»
89 689 244 746 scuras,
271 689 434 751 partim
457 698 641 749 apertas,
663 687 913 749 intelligam
931 687 1042 732 mihi
1061 703 1150 733 non
1181 703 1255 733 ne-

32 754 124 794 '1‘45-
158 753 238 809 ias,
276 751 405 798 vobis
427 766 516 797 non
532 750 706 797 §inutiles
740 749 976 812 suscepiffe.
1043 749 1127 797 Sed
1148 765 1251 813 ego,

54 838 86 868 .·
110 816 197 862 hoc
218 816 385 861 honore
409 813 657 876 praeditum,
701 812 832 860 tantis'
863 813 1011 860 vestris
1033 813 1251 860 beneficiis

32 887 69 919 ’Ἰ
90 900 98 904 -
147 878 242 934 um,
271 876 414 933 statui,
458 876 670 940 Qirites,
697 877 882 923 vestram
900 876 1185 931 voluntatem,
1211 880 1254 922 δε

27 941 276 1004 'publicae
308 940 591 1003 dignitatem,
632 945 672 987 δε
710 939 890 986 salutem
923 939 1255 1001 provinciarum

64 1019 153 1052 nue
172 1005 402 1060 sociorum,
437 1004 546 1049 meis
575 1003 776 1052 omnibus
804 1002 1049 1052 commodis
1068 1007 1108 1051 &
1125 1002 1257 1050 ratio·

11 1074 18 1142 ὲ
86 1083 152 1117 ·us
172 1067 374 1134 praeferre
395 1077 610 1130 oportere.

1068 1937 1118 1982 Ο
1142 1935 1183 1981 R
1207 1934 1268 1980 A·
