<?xml version="1.0" encoding="UTF-8"?>
<!DOCTYPE html PUBLIC "-//W3C//DTD XHTML 1.0 Transitional//EN"
    "http://www.w3.org/TR/xhtml1/DTD/xhtml1-transitional.dtd">
<html xmlns="http://www.w3.org/1999/xhtml" xml:lang="en" lang="en">
 <head>
  <title>
</title>
<meta http-equiv="Content-Type" content="text/html;charset=utf-8" />
  <meta name='ocr-system' content='tesseract 3.04.00' />
  <meta name='ocr-capabilities' content='ocr_page ocr_carea ocr_par ocr_line ocrx_word'/>
</head>
<body>
  <div class='ocr_page' id='page_1' title='image "./mtulliiciceronis00cice/mtulliiciceronis00cice_0158.png"; bbox 0 0 1437 2589; ppageno 0'>
   <div class='ocr_carea' id='block_1_1' title="bbox 162 95 1091 159">
    <p class='ocr_par' dir='ltr' id='par_1_1' title="bbox 162 95 1091 159">
     <span class='ocr_line' id='line_1_1' title="bbox 162 95 1091 159; baseline 0 -1"><span class='ocrx_word' id='word_1_1' title='bbox 162 100 273 159; x_wconf 86' lang='lat'>108</span> <span class='ocrx_word' id='word_1_2' title='bbox 535 95 1091 158; x_wconf 85' lang='lat' dir='ltr'><strong>ORATIO</strong></span> 
     </span>
    </p>
   </div>
   <div class='ocr_carea' id='block_1_2' title="bbox 99 190 1428 2531">
    <p class='ocr_par' dir='ltr' id='par_1_2' title="bbox 99 190 1428 2516">
     <span class='ocr_line' id='line_1_2' title="bbox 146 190 1414 254; baseline 0.002 -17"><span class='ocrx_word' id='word_1_3' title='bbox 146 206 338 253; x_wconf 80' lang='lat' dir='ltr'>quorum</span> <span class='ocrx_word' id='word_1_4' title='bbox 368 191 399 238; x_wconf 75' lang='lat' dir='ltr'>si</span> <span class='ocrx_word' id='word_1_5' title='bbox 423 193 614 254; x_wconf 73' lang='lat' dir='ltr'>quaestus,</span> <span class='ocrx_word' id='word_1_6' title='bbox 657 190 833 238; x_wconf 82' lang='lat' dir='ltr'>occlufis</span> <span class='ocrx_word' id='word_1_7' title='bbox 876 193 1080 248; x_wconf 79' lang='lat' dir='ltr'>tabernis,</span> <span class='ocrx_word' id='word_1_8' title='bbox 1114 194 1254 239; x_wconf 86' lang='lat' dir='ltr'>minui</span> <span class='ocrx_word' id='word_1_9' title='bbox 1286 191 1414 250; x_wconf 70' lang='lat' dir='ltr'>solet,</span> 
     </span>
     <span class='ocr_line' id='line_1_3' title="bbox 146 254 1408 318; baseline 0.002 -18"><span class='ocrx_word' id='word_1_10' title='bbox 146 254 254 316; x_wconf 90' lang='lat' dir='ltr'>quid</span> <span class='ocrx_word' id='word_1_11' title='bbox 290 257 468 302; x_wconf 86' lang='lat' dir='ltr'>tandem</span> <span class='ocrx_word' id='word_1_12' title='bbox 506 256 684 302; x_wconf 80' lang='lat' dir='ltr'>incensis</span> <span class='ocrx_word' id='word_1_13' title='bbox 718 255 909 302; x_wconf 75' lang='lat' dir='ltr'>fiiturum</span> <span class='ocrx_word' id='word_1_14' title='bbox 931 257 1020 302; x_wconf 83' lang='lat' dir='ltr'>est?</span> <span class='ocrx_word' id='word_1_15' title='bbox 1061 258 1173 318; x_wconf 76' lang='lat' dir='ltr'>Qae</span> <span class='ocrx_word' id='word_1_16' title='bbox 1211 257 1313 303; x_wconf 71' lang='lat' dir='ltr'>cum</span> <span class='ocrx_word' id='word_1_17' title='bbox 1345 258 1408 303; x_wconf 86' lang='lat' dir='ltr'>ita</span> 
     </span>
     <span class='ocr_line' id='line_1_4' title="bbox 145 317 1406 381; baseline 0.002 -18"><span class='ocrx_word' id='word_1_18' title='bbox 145 317 242 373; x_wconf 81' lang='lat' dir='ltr'>sint,</span> <span class='ocrx_word' id='word_1_19' title='bbox 288 318 336 364; x_wconf 87' lang='lat' dir='ltr'>P.</span> <span class='ocrx_word' id='word_1_20' title='bbox 358 320 413 366; x_wconf 88' lang='lat' dir='ltr'>C.</span> <span class='ocrx_word' id='word_1_21' title='bbox 453 319 578 366; x_wconf 85' lang='lat' dir='ltr'>vobis</span> <span class='ocrx_word' id='word_1_22' title='bbox 602 319 752 380; x_wconf 88' lang='lat' dir='ltr'>populi</span> <span class='ocrx_word' id='word_1_23' title='bbox 783 319 978 365; x_wconf 87' lang='lat' dir='ltr'>Romani</span> <span class='ocrx_word' id='word_1_24' title='bbox 1008 320 1204 381; x_wconf 79' lang='lat' dir='ltr'>praefidia</span> <span class='ocrx_word' id='word_1_25' title='bbox 1225 336 1314 366; x_wconf 90' lang='lat' dir='ltr'>non</span> <span class='ocrx_word' id='word_1_26' title='bbox 1335 321 1406 366; x_wconf 58' lang='lat' dir='ltr'>dea</span> 
     </span>
     <span class='ocr_line' id='line_1_5' title="bbox 144 378 1403 444; baseline 0.002 -18"><span class='ocrx_word' id='word_1_27' title='bbox 144 381 271 427; x_wconf 70' lang='lat' dir='ltr'>sunt&#39;:</span> <span class='ocrx_word' id='word_1_28' title='bbox 299 396 403 438; x_wconf 86' lang='lat' dir='ltr'>-vos‚·</span> <span class='ocrx_word' id='word_1_29' title='bbox 423 378 479 432; x_wconf 68' lang='lat' dir='ltr'>ne</span> <span class='ocrx_word' id='word_1_30' title='bbox 515 382 679 444; x_wconf 87' lang='lat' dir='ltr'>populo</span> <span class='ocrx_word' id='word_1_31' title='bbox 719 383 926 428; x_wconf 85' lang='lat' dir='ltr'>Romano</span> <span class='ocrx_word' id='word_1_32' title='bbox 968 383 1103 428; x_wconf 79' lang='lat' dir='ltr'>deesse</span> <span class='ocrx_word' id='word_1_33' title='bbox 1142 382 1403 439; x_wconf 82' lang='lat' dir='ltr'>videamini,</span> 
     </span>
     <span class='ocr_line' id='line_1_6' title="bbox 143 444 1407 508; baseline 0.001 -18"><span class='ocrx_word' id='word_1_34' title='bbox 143 444 387 506; x_wconf 82' lang='lat' dir='ltr'>providete.</span> <span class='ocrx_word' id='word_1_35' title='bbox 453 445 643 491; x_wconf 87' lang='lat' dir='ltr'>Habetis</span> <span class='ocrx_word' id='word_1_36' title='bbox 682 445 917 491; x_wconf 86' lang='lat' dir='ltr'>Consulem</span> <span class='ocrx_word' id='word_1_37' title='bbox 958 461 1013 491; x_wconf 89' lang='lat' dir='ltr'>ex</span> <span class='ocrx_word' id='word_1_38' title='bbox 1053 446 1251 506; x_wconf 86' lang='lat' dir='ltr'>plurimis</span> <span class='ocrx_word' id='word_1_39' title='bbox 1294 448 1407 508; x_wconf 88' lang='lat' dir='ltr'>peri-</span> 
     </span>
     <span class='ocr_line' id='line_1_7' title="bbox 147 507 1407 569; baseline 0.003 -17"><span class='ocrx_word' id='word_1_40' title='bbox 147 507 256 553; x_wconf 86' lang='lat' dir='ltr'>culis</span> <span class='ocrx_word' id='word_1_41' title='bbox 283 512 325 553; x_wconf 76' lang='lat' dir='ltr'>&amp;s</span> <span class='ocrx_word' id='word_1_42' title='bbox 360 507 541 564; x_wconf 78' lang='lat' dir='ltr'>insidiis,</span> <span class='ocrx_word' id='word_1_43' title='bbox 572 519 702 569; x_wconf 87' lang='lat' dir='ltr'>atque</span> <span class='ocrx_word' id='word_1_44' title='bbox 743 524 799 554; x_wconf 84' lang='lat' dir='ltr'>ex</span> <span class='ocrx_word' id='word_1_45' title='bbox 833 508 982 555; x_wconf 87' lang='lat' dir='ltr'>media</span> <span class='ocrx_word' id='word_1_46' title='bbox 1019 522 1175 565; x_wconf 82' lang='lat' dir='ltr'>morte,</span> <span class='ocrx_word' id='word_1_47' title='bbox 1227 525 1316 556; x_wconf 89' lang='lat' dir='ltr'>non</span> <span class='ocrx_word' id='word_1_48' title='bbox 1350 510 1407 556; x_wconf 86' lang='lat' dir='ltr'>ad</span> 
     </span>
     <span class='ocr_line' id='line_1_8' title="bbox 144 570 1402 626; baseline 0.002 -11"><span class='ocrx_word' id='word_1_49' title='bbox 144 571 286 616; x_wconf 82' lang='lat' dir='ltr'>vitam</span> <span class='ocrx_word' id='word_1_50' title='bbox 307 571 443 626; x_wconf 87' lang='lat' dir='ltr'>suam,</span> <span class='ocrx_word' id='word_1_51' title='bbox 487 570 558 617; x_wconf 90' lang='lat' dir='ltr'>sed</span> <span class='ocrx_word' id='word_1_52' title='bbox 600 571 657 616; x_wconf 85' lang='lat' dir='ltr'>ad</span> <span class='ocrx_word' id='word_1_53' title='bbox 698 571 877 617; x_wconf 87' lang='lat' dir='ltr'>salutem</span> <span class='ocrx_word' id='word_1_54' title='bbox 909 573 1094 618; x_wconf 83' lang='lat' dir='ltr'>vestram</span> <span class='ocrx_word' id='word_1_55' title='bbox 1116 572 1402 620; x_wconf 82' lang='lat' dir='ltr'>reservatum:</span> 
     </span>
     <span class='ocr_line' id='line_1_9' title="bbox 143 634 1400 697; baseline 0.002 -18"><span class='ocrx_word' id='word_1_56' title='bbox 143 649 297 680; x_wconf 90' lang='lat' dir='ltr'>omnes</span> <span class='ocrx_word' id='word_1_57' title='bbox 330 634 502 680; x_wconf 80' lang='lat' dir='ltr'>ordines</span> <span class='ocrx_word' id='word_1_58' title='bbox 524 634 582 680; x_wconf 86' lang='lat' dir='ltr'>ad</span> <span class='ocrx_word' id='word_1_59' title='bbox 604 634 946 680; x_wconf 84' lang='lat' dir='ltr'>conservandam</span> <span class='ocrx_word' id='word_1_60' title='bbox 981 637 1198 697; x_wconf 77' lang='lat' dir='ltr'>rempubl.</span> <span class='ocrx_word' id='word_1_61' title='bbox 1239 650 1400 691; x_wconf 85' lang='lat' dir='ltr'>mente,</span> 
     </span>
     <span class='ocr_line' id='line_1_10' title="bbox 145 697 1404 753; baseline 0.003 -11"><span class='ocrx_word' id='word_1_62' title='bbox 145 697 384 752; x_wconf 80' lang='lat' dir='ltr'>voluntate,</span> <span class='ocrx_word' id='word_1_63' title='bbox 404 697 560 753; x_wconf 89' lang='lat' dir='ltr'>studio,</span> <span class='ocrx_word' id='word_1_64' title='bbox 585 698 764 753; x_wconf 85' lang='lat' dir='ltr'>virtute,</span> <span class='ocrx_word' id='word_1_65' title='bbox 788 713 895 743; x_wconf 79' lang='lat' dir='ltr'>voce</span> <span class='ocrx_word' id='word_1_66' title='bbox 917 698 1188 746; x_wconf 81' lang='lat' dir='ltr'>consentiunt</span> <span class='ocrx_word' id='word_1_67' title='bbox 1213 700 1404 746; x_wconf 77' lang='lat' dir='ltr'>:obsessa</span> 
     </span>
     <span class='ocr_line' id='line_1_11' title="bbox 139 759 1421 824; baseline 0.004 -19"><span class='ocrx_word' id='word_1_68' title='bbox 139 759 308 806; x_wconf 85' lang='lat' dir='ltr'>facibus</span> <span class='ocrx_word' id='word_1_69' title='bbox 332 765 375 807; x_wconf 83' lang='lat'>&amp;</span> <span class='ocrx_word' id='word_1_70' title='bbox 395 761 493 806; x_wconf 87' lang='lat' dir='ltr'>telis</span> <span class='ocrx_word' id='word_1_71' title='bbox 530 762 681 822; x_wconf 83' lang='lat' dir='ltr'>impiae</span> <span class='ocrx_word' id='word_1_72' title='bbox 723 762 1034 821; x_wconf 87' lang='lat' dir='ltr'>conjurationis</span> <span class='ocrx_word' id='word_1_73' title='bbox 1072 763 1198 809; x_wconf 85' lang='lat' dir='ltr'>vobis</span> <span class='ocrx_word' id='word_1_74' title='bbox 1222 762 1421 824; x_wconf 75' lang='lat' dir='ltr'>supplex-</span> 
     </span>
     <span class='ocr_line' id='line_1_12' title="bbox 142 824 1400 885; baseline 0.002 -16"><span class='ocrx_word' id='word_1_75' title='bbox 142 838 297 869; x_wconf 80' lang='lat' dir='ltr'>manus</span> <span class='ocrx_word' id='word_1_76' title='bbox 332 824 474 870; x_wconf 90' lang='lat' dir='ltr'>tendit</span> <span class='ocrx_word' id='word_1_77' title='bbox 501 825 643 885; x_wconf 87' lang='lat' dir='ltr'>patria</span> <span class='ocrx_word' id='word_1_78' title='bbox 686 826 963 871; x_wconf 82' lang='lat' dir='ltr'>communis:</span> <span class='ocrx_word' id='word_1_79' title='bbox 1004 825 1131 872; x_wconf 86' lang='lat' dir='ltr'>vobis</span> <span class='ocrx_word' id='word_1_80' title='bbox 1176 826 1233 882; x_wconf 85' lang='lat' dir='ltr'>se,</span> <span class='ocrx_word' id='word_1_81' title='bbox 1272 827 1400 874; x_wconf 86' lang='lat' dir='ltr'>vobis</span> 
     </span>
     <span class='ocr_line' id='line_1_13' title="bbox 138 887 1428 951; baseline 0.002 -20"><span class='ocrx_word' id='word_1_82' title='bbox 138 887 281 933; x_wconf 84' lang='lat' dir='ltr'>vitam</span> <span class='ocrx_word' id='word_1_83' title='bbox 297 888 509 932; x_wconf 81' lang='lat' dir='ltr'>‚omnium</span> <span class='ocrx_word' id='word_1_84' title='bbox 542 887 727 941; x_wconf 83' lang='lat' dir='ltr'>civium,</span> <span class='ocrx_word' id='word_1_85' title='bbox 779 888 906 934; x_wconf 84' lang='lat' dir='ltr'>vobis</span> <span class='ocrx_word' id='word_1_86' title='bbox 930 903 1075 934; x_wconf 87' lang='lat' dir='ltr'>arcem</span> <span class='ocrx_word' id='word_1_87' title='bbox 1107 893 1147 935; x_wconf 73' lang='grc' dir='ltr'>ὅτ</span> <span class='ocrx_word' id='word_1_88' title='bbox 1189 889 1428 951; x_wconf 62' lang='lat' dir='ltr'>Capitoli-f</span> 
     </span>
     <span class='ocr_line' id='line_1_14' title="bbox 141 950 1401 1014; baseline 0.003 -19"><span class='ocrx_word' id='word_1_89' title='bbox 141 966 233 1004; x_wconf 88' lang='lat' dir='ltr'>um,</span> <span class='ocrx_word' id='word_1_90' title='bbox 270 950 396 996; x_wconf 84' lang='lat' dir='ltr'>vobis</span> <span class='ocrx_word' id='word_1_91' title='bbox 413 967 506 996; x_wconf 84' lang='lat' dir='ltr'>aras</span> <span class='ocrx_word' id='word_1_92' title='bbox 522 950 764 1012; x_wconf 86' lang='lat' dir='ltr'>penatium,</span> <span class='ocrx_word' id='word_1_93' title='bbox 795 952 923 998; x_wconf 87' lang='lat' dir='ltr'>vobis</span> <span class='ocrx_word' id='word_1_94' title='bbox 945 953 1068 998; x_wconf 84' lang='lat' dir='ltr'>illum</span> <span class='ocrx_word' id='word_1_95' title='bbox 1087 953 1239 1014; x_wconf 86' lang='lat' dir='ltr'>ignem</span> <span class='ocrx_word' id='word_1_96' title='bbox 1262 955 1300 999; x_wconf 85' lang='lat' dir='ltr'>V</span> <span class='ocrx_word' id='word_1_97' title='bbox 1305 955 1401 999; x_wconf 76' lang='lat' dir='ltr'>estae</span> 
     </span>
     <span class='ocr_line' id='line_1_15' title="bbox 139 1015 1423 1078; baseline 0.003 -20"><span class='ocrx_word' id='word_1_98' title='bbox 139 1025 400 1074; x_wconf 78' lang='lat' dir='ltr'>perpetuum</span> <span class='ocrx_word' id='word_1_99' title='bbox 421 1029 470 1059; x_wconf 80' lang='lat' dir='ltr'>ac</span> <span class='ocrx_word' id='word_1_100' title='bbox 514 1015 842 1076; x_wconf 84' lang='lat' dir='ltr'>sempiternum,</span> <span class='ocrx_word' id='word_1_101' title='bbox 879 1016 1005 1061; x_wconf 87' lang='lat' dir='ltr'>vobis</span> <span class='ocrx_word' id='word_1_102' title='bbox 1046 1017 1197 1062; x_wconf 84' lang='lat' dir='ltr'>omnia</span> <span class='ocrx_word' id='word_1_103' title='bbox 1235 1019 1423 1078; x_wconf 79' lang='lat' dir='ltr'>templa.</span> 
     </span>
     <span class='ocr_line' id='line_1_16' title="bbox 138 1077 1398 1141; baseline 0.002 -18"><span class='ocrx_word' id='word_1_104' title='bbox 138 1077 320 1123; x_wconf 74' lang='lat' dir='ltr'>deorum</span> <span class='ocrx_word' id='word_1_105' title='bbox 359 1088 496 1138; x_wconf 84' lang='lat' dir='ltr'>atque.</span> <span class='ocrx_word' id='word_1_106' title='bbox 526 1077 722 1132; x_wconf 85' lang='lat' dir='ltr'>delubra,</span> <span class='ocrx_word' id='word_1_107' title='bbox 763 1077 890 1125; x_wconf 89' lang='lat' dir='ltr'>vobis</span> <span class='ocrx_word' id='word_1_108' title='bbox 927 1094 1072 1124; x_wconf 83' lang='lat' dir='ltr'>muros</span> <span class='ocrx_word' id='word_1_109' title='bbox 1115 1091 1242 1141; x_wconf 80' lang='lat' dir='ltr'>atque</span> <span class='ocrx_word' id='word_1_110' title='bbox 1283 1082 1398 1126; x_wconf 84' lang='lat' dir='ltr'>urbis</span> 
     </span>
     <span class='ocr_line' id='line_1_17' title="bbox 137 1141 1397 1198; baseline 0.004 -13"><span class='ocrx_word' id='word_1_111' title='bbox 137 1141 250 1186; x_wconf 66' lang='lat' dir='ltr'>tec&#39;ta</span> <span class='ocrx_word' id='word_1_112' title='bbox 288 1142 582 1188; x_wconf 84' lang='lat' dir='ltr'>commendat.</span> <span class='ocrx_word' id='word_1_113' title='bbox 660 1141 870 1187; x_wconf 73' lang='lat' dir='ltr'>Praeterea</span> <span class='ocrx_word' id='word_1_114' title='bbox 924 1142 977 1188; x_wconf 91' lang='lat' dir='ltr'>de</span> <span class='ocrx_word' id='word_1_115' title='bbox 1017 1143 1152 1188; x_wconf 79' lang='lat' dir='ltr'>vestra</span> <span class='ocrx_word' id='word_1_116' title='bbox 1195 1144 1302 1198; x_wconf 83' lang='lat' dir='ltr'>vita,</span> <span class='ocrx_word' id='word_1_117' title='bbox 1344 1144 1397 1190; x_wconf 81' lang='lat' dir='ltr'>de</span> 
     </span>
     <span class='ocr_line' id='line_1_18' title="bbox 135 1203 1397 1275; baseline 0.003 -27"><span class='ocrx_word' id='word_1_118' title='bbox 135 1203 376 1266; x_wconf 85' lang='lat' dir='ltr'>conjugum</span> <span class='ocrx_word' id='word_1_119' title='bbox 409 1204 644 1249; x_wconf 83' lang='lat' dir='ltr'>vestrarum</span> <span class='ocrx_word' id='word_1_120' title='bbox 680 1220 730 1249; x_wconf 85' lang='lat' dir='ltr'>ac</span> <span class='ocrx_word' id='word_1_121' title='bbox 766 1205 1004 1275; x_wconf 52' lang='lat' dir='ltr'>libai-orum</span> <span class='ocrx_word' id='word_1_122' title='bbox 1027 1207 1202 1262; x_wconf 57' lang='lat' dir='ltr'>anima,</span> <span class='ocrx_word' id='word_1_123' title='bbox 1237 1206 1289 1251; x_wconf 90' lang='lat' dir='ltr'>de</span> <span class='ocrx_word' id='word_1_124' title='bbox 1314 1206 1397 1252; x_wconf 85' lang='lat' dir='ltr'>for-</span> 
     </span>
     <span class='ocr_line' id='line_1_19' title="bbox 136 1267 1394 1323; baseline 0.003 -11"><span class='ocrx_word' id='word_1_125' title='bbox 136 1267 250 1313; x_wconf 84' lang='lat' dir='ltr'>tunis</span> <span class='ocrx_word' id='word_1_126' title='bbox 272 1268 489 1322; x_wconf 89' lang='lat' dir='ltr'>omnium,</span> <span class='ocrx_word' id='word_1_127' title='bbox 525 1267 578 1313; x_wconf 89' lang='lat' dir='ltr'>de</span> <span class='ocrx_word' id='word_1_128' title='bbox 600 1267 785 1323; x_wconf 74' lang='lat' dir='ltr'>sedibuS,</span> <span class='ocrx_word' id='word_1_129' title='bbox 804 1269 877 1314; x_wconf 79' lang='lat' dir='ltr'>&#39;de</span> <span class='ocrx_word' id='word_1_130' title='bbox 893 1269 1002 1314; x_wconf 81' lang='lat' dir='ltr'>focis</span> <span class='ocrx_word' id='word_1_131' title='bbox 1019 1270 1181 1321; x_wconf 71' lang='lat' dir='ltr'>vestris,</span> <span class='ocrx_word' id='word_1_132' title='bbox 1222 1270 1394 1316; x_wconf 84' lang='lat' dir='ltr'>hodier-</span> 
     </span>
     <span class='ocr_line' id='line_1_20' title="bbox 134 1331 1415 1391; baseline 0.002 -15"><span class='ocrx_word' id='word_1_133' title='bbox 134 1346 192 1376; x_wconf 85' lang='lat' dir='ltr'>no</span> <span class='ocrx_word' id='word_1_134' title='bbox 213 1331 284 1376; x_wconf 89' lang='lat' dir='ltr'>die</span> <span class='ocrx_word' id='word_1_135' title='bbox 314 1332 442 1377; x_wconf 82' lang='lat' dir='ltr'>vobis</span> <span class='ocrx_word' id='word_1_136' title='bbox 467 1331 754 1391; x_wconf 84' lang='lat' dir='ltr'>judicandum</span> <span class='ocrx_word' id='word_1_137' title='bbox 779 1333 849 1377; x_wconf 87' lang='lat' dir='ltr'>est.</span> <span class='ocrx_word' id='word_1_138' title='bbox 918 1332 1109 1378; x_wconf 78' lang='lat' dir='ltr'>Habetis</span> <span class='ocrx_word' id='word_1_139' title='bbox 1132 1333 1286 1379; x_wconf 86' lang='lat' dir='ltr'>ducem</span> <span class='ocrx_word' id='word_1_140' title='bbox 1304 1350 1415 1380; x_wconf 79' lang='lat' dir='ltr'>me·-</span> 
     </span>
     <span class='ocr_line' id='line_1_21' title="bbox 134 1393 1397 1458; baseline 0.003 -20"><span class='ocrx_word' id='word_1_141' title='bbox 134 1410 304 1440; x_wconf 87' lang='lat' dir='ltr'>morem</span> <span class='ocrx_word' id='word_1_142' title='bbox 321 1395 465 1447; x_wconf 80' lang='lat' dir='ltr'>vestri,</span> <span class='ocrx_word' id='word_1_143' title='bbox 504 1394 692 1440; x_wconf 86' lang='lat' dir='ltr'>oblitum</span> <span class='ocrx_word' id='word_1_144' title='bbox 714 1393 773 1439; x_wconf 89' lang='lat' dir='ltr'>sui</span> <span class='ocrx_word' id='word_1_145' title='bbox 792 1412 805 1445; x_wconf 90' lang='lat'>;</span> <span class='ocrx_word' id='word_1_146' title='bbox 852 1411 946 1456; x_wconf 71' lang='lat' dir='ltr'>qur-e</span> <span class='ocrx_word' id='word_1_147' title='bbox 969 1412 1057 1441; x_wconf 89' lang='lat' dir='ltr'>non</span> <span class='ocrx_word' id='word_1_148' title='bbox 1078 1395 1248 1458; x_wconf 86' lang='lat' dir='ltr'>semper</span> <span class='ocrx_word' id='word_1_149' title='bbox 1263 1396 1397 1443; x_wconf 84' lang='lat' dir='ltr'>facul-</span> 
     </span>
     <span class='ocr_line' id='line_1_22' title="bbox 132 1458 1413 1515; baseline 0.003 -13"><span class='ocrx_word' id='word_1_150' title='bbox 132 1469 195 1502; x_wconf 84' lang='lat' dir='ltr'>tas</span> <span class='ocrx_word' id='word_1_151' title='bbox 218 1458 372 1504; x_wconf 85' lang='lat' dir='ltr'>datur:</span> <span class='ocrx_word' id='word_1_152' title='bbox 406 1458 597 1504; x_wconf 73' lang='lat' dir='ltr'>Habetis</span> <span class='ocrx_word' id='word_1_153' title='bbox 612 1474 762 1504; x_wconf 82' lang='lat' dir='ltr'>omnes</span> <span class='ocrx_word' id='word_1_154' title='bbox 786 1459 974 1513; x_wconf 75' lang='lat' dir='ltr'>ordines,</span> <span class='ocrx_word' id='word_1_155' title='bbox 999 1475 1151 1505; x_wconf 87' lang='lat' dir='ltr'>omnes</span> <span class='ocrx_word' id='word_1_156' title='bbox 1173 1459 1413 1515; x_wconf 85' lang='lat' dir='ltr'>homines,.</span> 
     </span>
     <span class='ocr_line' id='line_1_23' title="bbox 131 1519 1413 1584; baseline 0.005 -19"><span class='ocrx_word' id='word_1_157' title='bbox 131 1519 378 1567; x_wconf 83' lang='lat' dir='ltr'>universum</span> <span class='ocrx_word' id='word_1_158' title='bbox 397 1522 615 1582; x_wconf 75' lang='lat' dir='ltr'>populum</span> <span class='ocrx_word' id='word_1_159' title='bbox 638 1523 894 1567; x_wconf 81' lang='lat' dir='ltr'>Romanum</span> <span class='ocrx_word' id='word_1_160' title='bbox 944 1522 1003 1582; x_wconf 78' lang='lat' dir='ltr'>(id</span> <span class='ocrx_word' id='word_1_161' title='bbox 1040 1523 1157 1584; x_wconf 90' lang='lat' dir='ltr'>quod</span> <span class='ocrx_word' id='word_1_162' title='bbox 1192 1523 1237 1568; x_wconf 91' lang='lat' dir='ltr'>in</span> <span class='ocrx_word' id='word_1_163' title='bbox 1269 1524 1413 1571; x_wconf 86' lang='lat' dir='ltr'>civili.</span> 
     </span>
     <span class='ocr_line' id='line_1_24' title="bbox 129 1584 1406 1649; baseline 0 -19"><span class='ocrx_word' id='word_1_164' title='bbox 129 1584 257 1630; x_wconf 85' lang='lat' dir='ltr'>causa</span> <span class='ocrx_word' id='word_1_165' title='bbox 285 1584 500 1630; x_wconf 85' lang='lat' dir='ltr'>hodierno</span> <span class='ocrx_word' id='word_1_166' title='bbox 520 1584 592 1631; x_wconf 88' lang='lat' dir='ltr'>die</span> <span class='ocrx_word' id='word_1_167' title='bbox 627 1584 823 1646; x_wconf 74' lang='lat' dir='ltr'>primum</span> <span class='ocrx_word' id='word_1_168' title='bbox 849 1585 1064 1647; x_wconf 75' lang='lat' dir='ltr'>videmus)</span> <span class='ocrx_word' id='word_1_169' title='bbox 1108 1602 1241 1633; x_wconf 89' lang='lat' dir='ltr'>unum</span> <span class='ocrx_word' id='word_1_170' title='bbox 1263 1599 1406 1649; x_wconf 44' lang='lat' dir='ltr'>atque,</span> 
     </span>
     <span class='ocr_line' id='line_1_25' title="bbox 128 1647 1391 1710; baseline 0.003 -18"><span class='ocrx_word' id='word_1_171' title='bbox 128 1647 255 1694; x_wconf 88' lang='lat' dir='ltr'>idem.</span> <span class='ocrx_word' id='word_1_172' title='bbox 275 1648 544 1694; x_wconf 89' lang='lat' dir='ltr'>sentientem.</span> <span class='ocrx_word' id='word_1_173' title='bbox 615 1649 824 1709; x_wconf 83' lang='lat' dir='ltr'>Cogitate</span> <span class='ocrx_word' id='word_1_174' title='bbox 841 1650 1011 1710; x_wconf 83' lang='lat' dir='ltr'>quantis</span> <span class='ocrx_word' id='word_1_175' title='bbox 1042 1650 1264 1696; x_wconf 83' lang='lat' dir='ltr'>laboribus</span> <span class='ocrx_word' id='word_1_176' title='bbox 1296 1651 1391 1696; x_wconf 88' lang='lat' dir='ltr'>fun-</span> 
     </span>
     <span class='ocr_line' id='line_1_26' title="bbox 128 1710 1391 1773; baseline 0.003 -17"><span class='ocrx_word' id='word_1_177' title='bbox 128 1710 280 1757; x_wconf 82' lang='lat' dir='ltr'>datum</span> <span class='ocrx_word' id='word_1_178' title='bbox 310 1711 564 1772; x_wconf 89' lang='lat' dir='ltr'>imperium,</span> <span class='ocrx_word' id='word_1_179' title='bbox 599 1713 764 1773; x_wconf 65' lang='lat' dir='ltr'>quanta</span> <span class='ocrx_word' id='word_1_180' title='bbox 799 1712 957 1758; x_wconf 82' lang='lat' dir='ltr'>virtute</span> <span class='ocrx_word' id='word_1_181' title='bbox 989 1712 1228 1760; x_wconf 83' lang='lat' dir='ltr'>stabilitam</span> <span class='ocrx_word' id='word_1_182' title='bbox 1261 1714 1391 1760; x_wconf 90' lang='lat' dir='ltr'>liber-</span> 
     </span>
     <span class='ocr_line' id='line_1_27' title="bbox 127 1774 1389 1839; baseline 0.003 -20"><span class='ocrx_word' id='word_1_183' title='bbox 127 1786 279 1830; x_wconf 90' lang='lat' dir='ltr'>tatem,</span> <span class='ocrx_word' id='word_1_184' title='bbox 315 1775 477 1836; x_wconf 68' lang='lat' dir='ltr'>quanta</span> <span class='ocrx_word' id='word_1_185' title='bbox 494 1774 675 1819; x_wconf 88' lang='lat' dir='ltr'>deorum</span> <span class='ocrx_word' id='word_1_186' title='bbox 690 1775 963 1836; x_wconf 86' lang='lat' dir='ltr'>benignitate</span> <span class='ocrx_word' id='word_1_187' title='bbox 981 1778 1123 1822; x_wconf 67' lang='lat' dir='ltr'>auctas</span> <span class='ocrx_word' id='word_1_188' title='bbox 1146 1791 1389 1839; x_wconf 85' lang='lat' dir='ltr'>exaggera-</span> 
     </span>
     <span class='ocr_line' id='line_1_28' title="bbox 124 1837 1400 1900; baseline 0.003 -17"><span class='ocrx_word' id='word_1_189' title='bbox 124 1837 270 1900; x_wconf 70' lang='lat' dir='ltr'>tasque</span> <span class='ocrx_word' id='word_1_190' title='bbox 309 1839 499 1884; x_wconf 81' lang='lat' dir='ltr'>fortunas</span> <span class='ocrx_word' id='word_1_191' title='bbox 522 1853 608 1884; x_wconf 80' lang='lat' dir='ltr'>una</span> <span class='ocrx_word' id='word_1_192' title='bbox 628 1853 717 1883; x_wconf 80' lang='lat' dir='ltr'>nox</span> <span class='ocrx_word' id='word_1_193' title='bbox 754 1851 864 1899; x_wconf 87' lang='lat' dir='ltr'>pene</span> <span class='ocrx_word' id='word_1_194' title='bbox 897 1838 1066 1885; x_wconf 71' lang='lat' dir='ltr'>delerit,</span> <span class='ocrx_word' id='word_1_195' title='bbox 1134 1840 1188 1885; x_wconf 74' lang='lat' dir='ltr'>id</span> <span class='ocrx_word' id='word_1_196' title='bbox 1217 1840 1272 1886; x_wconf 69' lang='lat' dir='ltr'>ne</span> <span class='ocrx_word' id='word_1_197' title='bbox 1314 1857 1400 1887; x_wconf 89' lang='lat' dir='ltr'>un-.-</span> 
     </span>
     <span class='ocr_line' id='line_1_29' title="bbox 125 1899 1415 1966; baseline 0.002 -20"><span class='ocrx_word' id='word_1_198' title='bbox 125 1917 258 1962; x_wconf 85' lang='lat' dir='ltr'>quam</span> <span class='ocrx_word' id='word_1_199' title='bbox 291 1902 468 1963; x_wconf 86' lang='lat' dir='ltr'>posthac</span> <span class='ocrx_word' id='word_1_200' title='bbox 503 1918 592 1946; x_wconf 88' lang='lat' dir='ltr'>non</span> <span class='ocrx_word' id='word_1_201' title='bbox 636 1901 768 1948; x_wconf 90' lang='lat' dir='ltr'>modo</span> <span class='ocrx_word' id='word_1_202' title='bbox 804 1902 976 1957; x_wconf 80' lang='lat' dir='ltr'>confici,</span> <span class='ocrx_word' id='word_1_203' title='bbox 1013 1901 1082 1947; x_wconf 87' lang='lat' dir='ltr'>sed</span> <span class='ocrx_word' id='word_1_204' title='bbox 1110 1899 1166 1948; x_wconf 67' lang='lat' dir='ltr'>ne</span> <span class='ocrx_word' id='word_1_205' title='bbox 1197 1904 1415 1966; x_wconf 57' lang='lat' dir='ltr'>cogitari3</span> 
     </span>
     <span class='ocr_line' id='line_1_30' title="bbox 123 1964 1399 2026; baseline 0.003 -17"><span class='ocrx_word' id='word_1_206' title='bbox 123 1964 305 2025; x_wconf 86' lang='lat' dir='ltr'>quidem</span> <span class='ocrx_word' id='word_1_207' title='bbox 339 1965 475 2024; x_wconf 86' lang='lat' dir='ltr'>poffit,</span> <span class='ocrx_word' id='word_1_208' title='bbox 525 1964 650 2009; x_wconf 86' lang='lat' dir='ltr'>vobis</span> <span class='ocrx_word' id='word_1_209' title='bbox 693 1965 907 2010; x_wconf 88' lang='lat' dir='ltr'>hodierno</span> <span class='ocrx_word' id='word_1_210' title='bbox 952 1965 1024 2010; x_wconf 88' lang='lat' dir='ltr'>die</span> <span class='ocrx_word' id='word_1_211' title='bbox 1066 1966 1399 2026; x_wconf 86' lang='lat' dir='ltr'>providendum.</span> 
     </span>
     <span class='ocr_line' id='line_1_31' title="bbox 123 2027 1387 2092; baseline 0.002 -20"><span class='ocrx_word' id='word_1_212' title='bbox 123 2027 195 2072; x_wconf 89' lang='lat' dir='ltr'>est.</span> <span class='ocrx_word' id='word_1_213' title='bbox 266 2028 412 2088; x_wconf 86' lang='lat' dir='ltr'>Atque</span> <span class='ocrx_word' id='word_1_214' title='bbox 430 2028 540 2082; x_wconf 85' lang='lat' dir='ltr'>haec,</span> <span class='ocrx_word' id='word_1_215' title='bbox 577 2043 665 2073; x_wconf 86' lang='lat' dir='ltr'>non</span> <span class='ocrx_word' id='word_1_216' title='bbox 682 2039 728 2073; x_wconf 88' lang='lat' dir='ltr'>ut</span> <span class='ocrx_word' id='word_1_217' title='bbox 750 2043 844 2082; x_wconf 83' lang='lat' dir='ltr'>vos,</span> <span class='ocrx_word' id='word_1_218' title='bbox 880 2028 955 2089; x_wconf 89' lang='lat' dir='ltr'>qui</span> <span class='ocrx_word' id='word_1_219' title='bbox 979 2029 1094 2073; x_wconf 86' lang='lat' dir='ltr'>mihi</span> <span class='ocrx_word' id='word_1_220' title='bbox 1117 2029 1253 2077; x_wconf 84' lang='lat' dir='ltr'>studio</span> <span class='ocrx_word' id='word_1_221' title='bbox 1275 2027 1387 2092; x_wconf 67' lang='lat' dir='ltr'>pene</span> 
     </span>
     <span class='ocr_line' id='line_1_32' title="bbox 124 2090 1386 2151; baseline 0.004 -16"><span class='ocrx_word' id='word_1_222' title='bbox 124 2090 401 2151; x_wconf 85' lang='lat' dir='ltr'>praecurritis,</span> <span class='ocrx_word' id='word_1_223' title='bbox 437 2091 694 2145; x_wconf 85' lang='lat' dir='ltr'>excitarem,</span> <span class='ocrx_word' id='word_1_224' title='bbox 729 2091 895 2136; x_wconf 85' lang='lat' dir='ltr'>locutus</span> <span class='ocrx_word' id='word_1_225' title='bbox 918 2090 1045 2137; x_wconf 86' lang='lat' dir='ltr'>sum:</span> <span class='ocrx_word' id='word_1_226' title='bbox 1097 2091 1169 2138; x_wconf 85' lang='lat' dir='ltr'>sed</span> <span class='ocrx_word' id='word_1_227' title='bbox 1205 2105 1252 2140; x_wconf 89' lang='lat' dir='ltr'>ut</span> <span class='ocrx_word' id='word_1_228' title='bbox 1285 2110 1386 2139; x_wconf 84' lang='lat' dir='ltr'>mea</span> 
     </span>
     <span class='ocr_line' id='line_1_33' title="bbox 124 2153 1395 2216; baseline 0.005 -19"><span class='ocrx_word' id='word_1_229' title='bbox 124 2168 231 2207; x_wconf 86' lang='lat' dir='ltr'>vox,</span> <span class='ocrx_word' id='word_1_230' title='bbox 267 2170 361 2214; x_wconf 84' lang='lat' dir='ltr'>quae</span> <span class='ocrx_word' id='word_1_231' title='bbox 395 2153 524 2198; x_wconf 87' lang='lat' dir='ltr'>debe-t</span> <span class='ocrx_word' id='word_1_232' title='bbox 544 2153 624 2198; x_wconf 83' lang='lat' dir='ltr'>effe</span> <span class='ocrx_word' id='word_1_233' title='bbox 647 2154 694 2198; x_wconf 84' lang='lat' dir='ltr'>in</span> <span class='ocrx_word' id='word_1_234' title='bbox 726 2153 950 2215; x_wconf 86' lang='lat' dir='ltr'>republica</span> <span class='ocrx_word' id='word_1_235' title='bbox 984 2155 1202 2216; x_wconf 76' lang='lat' dir='ltr'>princepS,</span> <span class='ocrx_word' id='word_1_236' title='bbox 1237 2156 1395 2203; x_wconf 82' lang='lat' dir='ltr'>officio.</span> 
     </span>
     <span class='ocr_line' id='line_1_34' title="bbox 120 2214 1389 2279; baseline 0.002 -17"><span class='ocrx_word' id='word_1_237' title='bbox 120 2215 267 2262; x_wconf 62' lang='lat' dir='ltr'>fimf-ta</span> <span class='ocrx_word' id='word_1_238' title='bbox 285 2214 515 2262; x_wconf 82' lang='lat' dir='ltr'>Consulari·</span> <span class='ocrx_word' id='word_1_239' title='bbox 526 2215 757 2262; x_wconf 83' lang='lat' dir='ltr'>videretur.</span> <span class='ocrx_word' id='word_1_240' title='bbox 827 2216 964 2262; x_wconf 85' lang='lat' dir='ltr'>Nunc</span> <span class='ocrx_word' id='word_1_241' title='bbox 976 2215 1227 2279; x_wconf 82' lang='lat' dir='ltr'>antequam,</span> <span class='ocrx_word' id='word_1_242' title='bbox 1253 2220 1300 2265; x_wconf 92' lang='lat' dir='ltr'>P.</span> <span class='ocrx_word' id='word_1_243' title='bbox 1323 2219 1389 2278; x_wconf 57' lang='lat' dir='ltr'>C„</span> 
     </span>
     <span class='ocr_line' id='line_1_35' title="bbox 99 2279 1391 2343; baseline 0.006 -23"><span class='ocrx_word' id='word_1_244' title='bbox 99 2279 181 2324; x_wconf 90' lang='lat' dir='ltr'>.ad</span> <span class='ocrx_word' id='word_1_245' title='bbox 198 2279 453 2325; x_wconf 87' lang='lat' dir='ltr'>sententiam</span> <span class='ocrx_word' id='word_1_246' title='bbox 490 2279 634 2333; x_wconf 85' lang='lat' dir='ltr'>redeo,</span> <span class='ocrx_word' id='word_1_247' title='bbox 670 2279 726 2324; x_wconf 89' lang='lat' dir='ltr'>de</span> <span class='ocrx_word' id='word_1_248' title='bbox 763 2294 835 2324; x_wconf 90' lang='lat' dir='ltr'>me</span> <span class='ocrx_word' id='word_1_249' title='bbox 870 2294 1019 2339; x_wconf 79' lang='lat' dir='ltr'>pauca.</span> <span class='ocrx_word' id='word_1_250' title='bbox 1031 2281 1191 2326; x_wconf 87' lang='lat' dir='ltr'>dicam.</span> <span class='ocrx_word' id='word_1_251' title='bbox 1262 2283 1391 2343; x_wconf 76' lang='lat' dir='ltr'>Ege,⁴</span> 
     </span>
     <span class='ocr_line' id='line_1_36' title="bbox 124 2341 1409 2403; baseline 0.002 -17"><span class='ocrx_word' id='word_1_252' title='bbox 124 2353 286 2402; x_wconf 77' lang='lat' dir='ltr'>quanta</span> <span class='ocrx_word' id='word_1_253' title='bbox 307 2357 458 2387; x_wconf 86' lang='lat' dir='ltr'>manus</span> <span class='ocrx_word' id='word_1_254' title='bbox 486 2343 544 2387; x_wconf 86' lang='lat' dir='ltr'>est</span> <span class='ocrx_word' id='word_1_255' title='bbox 566 2341 905 2401; x_wconf 85' lang='lat' dir='ltr'>conjuratorum,</span> <span class='ocrx_word' id='word_1_256' title='bbox 942 2359 1076 2403; x_wconf 87' lang='lat' dir='ltr'>quam</span> <span class='ocrx_word' id='word_1_257' title='bbox 1110 2344 1267 2389; x_wconf 87' lang='lat' dir='ltr'>videtis</span> <span class='ocrx_word' id='word_1_258' title='bbox 1299 2345 1409 2402; x_wconf 44' lang='lat' dir='ltr'>esses⁴</span> 
     </span>
     <span class='ocr_line' id='line_1_37' title="bbox 126 2404 1410 2516; baseline -0.002 -62"><span class='ocrx_word' id='word_1_259' title='bbox 126 2404 433 2471; x_wconf 69' lang='lat' dir='ltr'>permagnam,</span> <span class='ocrx_word' id='word_1_260' title='bbox 470 2415 639 2455; x_wconf 82' lang='lat' dir='ltr'>tantam</span> <span class='ocrx_word' id='word_1_261' title='bbox 659 2420 731 2453; x_wconf 87' lang='lat' dir='ltr'>me</span> <span class='ocrx_word' id='word_1_262' title='bbox 754 2404 1034 2454; x_wconf 71' lang='lat' dir='ltr'>inimieorum</span> <span class='ocrx_word' id='word_1_263' title='bbox 1058 2406 1380 2516; x_wconf 45' lang='lat' dir='ltr'>multsittffdineffn</span> <span class='ocrx_word' id='word_1_264' title='bbox 1405 2434 1410 2442; x_wconf 43' lang='grc'><em>’</em></span> 
     </span>
    </p>

    <p class='ocr_par' dir='ltr' id='par_1_3' title="bbox 1178 2483 1377 2531">
     <span class='ocr_line' id='line_1_38' title="bbox 1178 2483 1377 2531; baseline 0.02 -18"><span class='ocrx_word' id='word_1_265' title='bbox 1178 2483 1316 2531; x_wconf 84' lang='lat' dir='ltr'>ucep1</span> <span class='ocrx_word' id='word_1_266' title='bbox 1353 2483 1377 2517; x_wconf 77' lang='lat' dir='ltr'>e</span> 
     </span>
    </p>
   </div>
  </div>
 </body>
</html>
