1437 2589
164 99 284 156 206
542 96 1034 155 ORATIO

154 186 263 235 illud
287 204 296 233 :
333 190 478 253 Igitur
498 185 553 234 ne
578 186 756 233 Clodius
777 187 955 249 quidem
976 186 1030 232 de
1044 186 1202 233 insidiis
1221 187 1398 249 cogita--

157 252 237 306 vit,
273 254 484 313 quoniam
506 252 588 298 fuit
626 251 673 296 in
695 250 874 297 Albano
907 249 1148 305 mansurus,
1180 250 1393 312 liquidem

153 316 350 361 exiturus
385 317 441 362 ad
464 316 631 362 caedem
690 312 719 360 ὲ
756 314 865 359 villa
907 331 995 360 non
1018 313 1171 361 fuiffet.
1241 314 1390 361 Video

157 379 279 424 enim
301 379 440 434 illum,
476 379 552 440 qui
589 378 750 424 dicitur
769 378 822 423 de
857 377 967 438 Cyri
989 389 1130 425 morte
1158 377 1392 440 nunciaffe,

157 459 246 488 non
286 443 331 488 id
370 443 601 499 nunciasse,
656 441 726 487 sed
768 441 991 488 Milonem
1021 440 1390 504 appropinquare.

157 506 285 551 Nam
315 507 421 567 quid
445 506 498 552 de
518 507 639 567 Cyro
661 505 899 560 nunciaret,
935 520 1067 566 quem
1101 505 1283 551 Clodius
1305 505 1396 550 Ro-

158 570 234 614 ma
258 569 531 631 proficiscens
566 568 800 629 reliquerat
834 567 1129 615 morientem?
1168 566 1275 616 Una
1291 566 1353 612 fui
1378 584 1401 618 ;:

157 634 458 679 testamentum
496 632 621 678 simul
643 632 877 693 obfignavi
899 647 1002 678 cum
1027 630 1187 677 Clodio
1210 648 1224 683 3
1275 631 1397 678 testa-

157 709 358 742 mentum
379 707 527 742 autem
548 693 698 758 palam
711 696 886 749 fecerat,
910 699 950 741 δε
968 694 1092 740 illurn
1111 694 1330 739 haeredem
1350 698 1392 739 δε

158 775 231 805 me
250 760 486 820 scripserat.
556 761 703 823 Qem
735 758 878 820 pridie
912 757 1024 803 hora
1048 757 1180 804 tertia
1197 757 1403 803 animam-

157 823 380 869 efflantem
410 823 656 884 reliquisset,
687 838 790 868 eum
812 833 1035 869 mortuum
1057 821 1261 882 postridie
1283 819 1398 866 horst

159 887 333 932 decima
357 886 544 947 denique
567 887 604 931 ei
631 885 918 932 nunciabatur
942 888 958 930 ?
994 885 1113 946 Age,
1150 883 1203 930 fit
1234 880 1296 930 ita
1333 883 1408 928 stt->

159 951 304 996 c'tum:
330 967 425 1012 quae
447 948 571 995 causa
593 964 670 995 cur
692 950 888 995 Romam
922 950 1199 1008 properaret?
1244 962 1320 993 cur
1350 947 1398 992 in

157 1016 338 1060 noctem
364 1014 413 1059 se·
441 1013 676 1072 conjiceret
700 1016 715 1058 ?
769 1011 874 1074 quid
906 1010 1115 1056 afferebat
1149 1010 1362 1056 festinatio
1380 1013 1406 1055 ἓ·

159 1077 277 1138 quod
299 1079 437 1122 haeres
460 1080 583 1122 erat?
609 1075 807 1137 primum
828 1086 922 1120 erat
939 1073 1054 1119 nihil
1072 1088 1149 1120 cur
1165 1083 1402 1135 properato

159 1155 267 1201 opus
286 1140 386 1187 esset
407 1159 416 1186 ι
452 1139 609 1185 deinde
626 1139 659 1184 fi
676 1138 783 1200 quid
804 1139 919 1193 esset,
954 1136 1061 1199 quid
1079 1137 1256 1182 tandem
1287 1145 1399 1191 erat,

158 1204 278 1263 quod
297 1204 352 1250 ea
373 1204 498 1249 nocte
516 1202 717 1263 consequi
740 1202 903 1264 poffet;
948 1201 1173 1247 amitteret
1188 1209 1349 1255 autem,
1367 1197 1401 1245 fi

159 1268 362 1328 postridie
379 1262 509 1313 mane
530 1267 722 1311 Romam
744 1264 953 1310 veniss‘et?
976 1275 1104 1325 atque
1128 1275 1176 1308 ut
1212 1264 1278 1309 illi
1322 1280 1400 1309 no-

160 1332 335 1377 sturnus
367 1332 424 1377 ad
446 1328 598 1375 urbem
621 1328 827 1375 adventus
849 1327 1047 1374 vitanduss
1072 1328 1232 1388 potius,
1267 1324 1402 1389 quam

161 1394 426 1454 expetendus
461 1393 545 1438 fuit
567 1411 578 1438 ε
613 1392 670 1439 fic
693 1393 877 1448 Miloni,
912 1393 1015 1437 cum
1037 1388 1260 1436 insidiator
1281 1392 1397 1446 effer,

159 1457 191 1502 fi
215 1457 340 1502 illum
363 1457 419 1502 ad
441 1457 594 1501 urbem
617 1457 754 1501 noctu
779 1456 1042 1502 accessurum
1059 1452 1235 1509 sciebat,
1271 1453 1401 1499 subfi-

159 1521 369 1575 stendum,
388 1531 515 1582 atque
532 1519 871 1579 exspectandum
892 1518 987 1564 fuit.
1049 1519 1199 1563 Noctu
1216 1517 1402 1563 invidie-

159 1583 204 1629 so
229 1587 269 1629 δε
297 1585 429 1645 pleno
462 1584 679 1628 latronum
714 1583 760 1628 in
794 1583 893 1627 loco
918 1581 1164 1627 occidisset:
1195 1597 1326 1626 nemo
1356 1581 1399 1626 ei

158 1648 339 1707 neganti
363 1663 451 1692 non
473 1646 712 1691 credidisset
735 1663 744 1691 :
781 1662 912 1708 quem
935 1645 1015 1691 effe
1046 1660 1196 1690 omnes
1231 1644 1399 1689 salvum

159 1710 296 1755 etiarn
315 1711 592 1756 confitentem
609 1709 775 1754 volunt.
845 1708 1104 1755 Sustinuiffet
1126 1707 1213 1752 hoc
1228 1707 1401 1753 crimen

161 1772 358 1833 primum
394 1772 483 1834 ipse
523 1772 594 1818 ille
617 1773 836 1818 latronum
871 1771 1113 1818 occultator
1135 1775 1176 1815 δε
1210 1781 1401 1831 recepta-

160 1847 228 1880 tor
242 1835 376 1890 locus,
413 1836 518 1881 dum
538 1851 675 1897 neque
700 1848 822 1880 muta
843 1833 1026 1887 solitudo
1051 1832 1286 1886 indicaffet,
1326 1848 1400 1878 ne-

160 1915 246 1960 que
280 1915 394 1945 caeca
431 1914 522 1944 nox
563 1898 802 1944 ostendiffet
839 1897 1090 1944 Milonem:
1142 1896 1297 1942 deinde
1333 1896 1399 1943 ibi

162 1962 291 2008 multi
308 1962 364 2008 ab
391 1962 468 2007 illo
499 1961 668 2016 violati,
705 1960 891 2023 spoliati,
927 1961 1054 2007 bonis
1076 1959 1261 2022 expulfi,
1291 1960 1402 2005 mulss

162 2025 197 2070 ti
238 2025 374 2071 etiarn
411 2025 506 2070 haec
543 2026 761 2070 timentes‘
783 2025 828 2071 in
859 2023 1147 2085 suspicionem
1170 2023 1399 2068 caderent:

160 2099 251 2134 tota
273 2089 458 2149 denique
480 2105 552 2133 rea
569 2089 775 2134 citaretur
791 2088 980 2133 Etruria.
1050 2088 1196 2147 Atque
1226 2085 1301 2131 illo
1324 2084 1396 2130 die

159 2149 276 2196 certe
301 2152 448 2197 Aricia
473 2152 639 2197 rediens
674 2150 855 2196 divertit
875 2150 1052 2197 Clodius
1075 2149 1132 2195 ad
1154 2148 1396 2195 Albanum.

162 2214 295 2276 Qod
323 2226 371 2260 ut
390 2213 514 2260 sciret
544 2214 667 2260 illum
688 2214 806 2261 Milo
830 2214 994 2260 Ariciae
1023 2212 1160 2265 fuisse,
1196 2210 1419 2272 suspicari?

161 2290 310 2322 tamen
352 2277 518 2333 debuit,
552 2293 669 2332 eum,
703 2276 876 2323 etiamst
903 2274 1106 2323 Romam
1140 2274 1322 2321 illo-die
1336 2289 1403 2318 re-

165 2340 275 2384 verti
308 2341 451 2396 vellet,
489 2341 544 2387 ad
566 2341 722 2385 villam
742 2340 879 2393 suam,
915 2356 1010 2401 quae
1038 2341 1161 2384 viam
1183 2348 1399 2399 tangeret,

164 2401 455 2460 diversurum2
520 2406 611 2452 Cur
627 2419 765 2470 neque
783 2400 881 2451 ante
900 2402 1100 2457 occurrit,
1124 2398 1180 2447 ne
1193 2413 1195 2415 ·
1208 2416 1266 2510 a
1293 2399 1419 2445 villa.⁸⁴

1161 2479 1205 2509 re
1224 2479 1253 2510 x*
1269 2473 1358 2510 eret
1380 2480 1411 2511 ε’
