1437 2589
167 78 283 140 Pro
317 79 402 138 T.
432 79 705 138 'Auum
735 76 1089 138 Μῐιοκε,
1180 98 1298 156 2¹7

64 168 295 219 dextera
273 189 300 219 a
318 170 560 219 cervicibus
580 170 726 218 vestris
748 171 920 232 repu1i;
943 187 1022 233 per
1041 185 1126 228 me,
1166 187 1302 220 unum

62 236 284 296 [effectum
305 236 386 296 est]
401 245 447 279 ut
461 235 546 293 jus,
570 236 762 295 aequitas,
778 236 911 295 leges,
930 235 1133 290 libertas,
1141 235 1299 296 pudor,

61 297 298 355 pudicitia
286 313 332 341 m
349 297 526 342 civitate
540 307 782 342 manerent.
802 297 901 341 effet
915 312 1019 342 vero
1035 297 1297 352 timendum,

60 372 255 428 quonam
271 359 404 405 modo
425 357 472 404 id
492 358 699 421 [factum]
717 357 843 402 ferret
850 358 1025 405 civitae.
1017 363 1031 394 θ
1047 375 1157 404 nunc
1174 358 1298 405 enim

61 421 159 479 quis
181 421 253 476 est,
290 421 466 482 quinon
479 421 664 479 probet?
699 419 880 480 quinon
893 420 1039 467 laudet
1066 425 1081 466 ?
1116 421 1190 481 qui
1209 438 1297 465 non

63 497 197 527 unum
226 485 317 544 post
338 481 572 528 hominum
606 481 870 527 memoriam
897 485 957 528 Τ.
981 483 1181 527 Annium
1203 483 1296 540 piu-

62 544 228 590 rimum
244 544 493 606 reipublicae
506 544 724 605 profuisse,
764 543 971 588 maxima
992 544 1144 590 laetitia
1158 560 1299 605 popu·

61 605 155 651 lum
191 607 463 659 Romanum,
502 608 703 653 cune‘tam
741 605 932 660 Italiam,
971 605 1167 652 nationes
1203 622 1297 651 om-

63 683 137 713 nes
154 668 352 723 affecisse,
419 688 429 693 ·
390 668 588 721 &chcan
626 673 667 713 δι
689 666 843 712 sentiat
866 670 881 713 ?
918 667 946 693 *
978 668 1166 729 Nequeo
1182 680 1297 712 vete-

64 746 113 775 ra
127 729 200 775 illa
221 705 372 790 popuii
395 731 606 784 Romani,
638 739 801 790 quanta
823 729 981 775 fuerint
1003 732 1147 790 gaudi
1139 747 1165 774 ι
1181 730 1298 789 J'udi-

63 807 177 837 care.
204 795 361 838 multas
393 805 541 838 tamen
557 793 651 852 jam
680 789 947 836 summorum
981 792 1295 852 imperatorum

62 854 309 900 clariffimas
345 855 547 901 vietorias
583 866 684 899 aetas
728 853 868 898 nostra
907 854 1056 904 vidit;
1104 870 1294 914 quarum

60 917 180 962 nulla
216 932 355 978 neque
390 928 482 962 tam
505 916 755 961 diuturnam
779 914 928 961 attulit
965 915 1177 971 laetitiam,
1213 931 1296 962 nee

60 989 244 1024 tantam.
313 978 528 1024 Mandate
565 979 651 1023 hoc
685 977 924 1032 memoriae,
956 977 1138 1037 judices
1171 978 1297 1039 spero

59 1042 200 1086 multa
220 1057 298 1086 vos
321 1039 565 1100 liberosque
581 1038 771 1084 vestros
761 1054 806 1083 m
824 1039 1046 1099 republica
1066 1039 1182 1085 bona
1212 1040 1295 1085 effe

59 1102 250 1149 visuros:
285 1103 332 1148 in
368 1103 435 1147 his
474 1101 650 1162 singulis
690 1101 752 1147 ita
773 1099 941 1161 semper
969 1102 1290 1156 existimabitis,

58 1165 165 1210 vivo
195 1165 244 1210 Ρ.
285 1164 459 1235 Clodio,
511 1163 625 1209 nihil
659 1164 818 1208 horum
853 1178 930 1209 vos
966 1163 1129 1209 visuros
1153 1163 1290 1209 fuiffe.

58 1226 105 1272 in
141 1225 261 1286 spem
302 1227 566 1280 maximam,
605 1230 661 1280 δε,
699 1225 1072 1285 quemadmodum
1101 1225 1289 1281 confido,

59 1288 335 1343 veriffimam,
372 1288 544 1334 adduffl
582 1285 740 1342 sumus,
789 1287 905 1332 hunc
931 1286 1070 1347 ipsum
1108 1302 1290 1344 annum,

59 1349 146 1394 hoc
167 1349 336 1395 summo
358 1349 454 1394 viro
479 1348 679 1403 Consule,
705 1350 947 1409 eompreffa
969 1349 1202 1394 hominum
1239 1349 1293 1394 li-

60 1411 225 1466 centia,
283 1411 592 1470 cupiditatibus
632 1410 794 1464 fraffls,
832 1411 1002 1473 legibus
1041 1415 1083 1456 Sc
1112 1410 1292 1469 judiciis

57 1472 306 1543 constitutis,
365 1473 593 1517 salutarem
626 1472 796 1518 civitati
849 1474 957 1518 fore.
1027 1473 1155 1517 Num
1192 1472 1290 1532 quis

55 1534 189 1595 igitur
216 1534 274 1580 est
295 1545 385 1579 tam
408 1535 598 1587 demenS,
639 1534 714 1594 qui
737 1535 838 1589 hoc,
876 1536 925 1580 P.
968 1533 1127 1580 Clodio
1163 1535 1290 1590 vivo,

61 1596 318 1666 contingere
338 1596 516 1656 potuisse
530 1595 761 1641 arbitretur
782 1600 798 1643 ἓ
834 1596 983 1658 Qid
975 1599 989 1630 θ
1012 1611 1079 1650 ea,
1110 1611 1206 1656 quae
1227 1608 1291 1642 te·

58 1659 184 1712 netis,
219 1657 393 1718 privati
414 1668 543 1718 atque
559 1659 709 1712 vestra,
745 1658 1000 1704 dominante
1022 1658 1202 1703 homine
1224 1658 1288 1702 fu-

60 1719 187 1773 rioso,
232 1720 347 1779 quod
381 1720 447 1778 jus
466 1731 687 1780 perpetuae
709 1721 964 1779 poffeffionis
987 1719 1148 1764 habere
1165 1731 1289 1780 potu-

59 1782 216 1827 issent?
254 1781 361 1826 Non
380 1782 531 1836 timeo,
551 1781 732 1840 judices,
756 1798 810 1828 ne
832 1782 964 1827 odio
953 1780 1289 1827 inimicitiarum

59 1858 257 1890 mearum
280 1843 593 1898 inflammatae,
631 1843 832 1888 libentius
857 1844 951 1889 haec
983 1843 1027 1888 in
1043 1843 1165 1888 illum
1174 1859 1289 1892 .-evo

61 1921 177 1953 mere
201 1905 367 1959 videar,
400 1920 534 1966 quam
552 1905 712 1950 verius.
737 1905 901 1952 etenim
917 1905 993 1951 etsi
1016 1907 1289 1966 praecipuum

56 1969 136 2013 effe
180 1966 380 2022 debebat,
424 1980 571 2013 tamen
596 1966 656 2014 ita
681 1967 926 2013 communis
963 1979 1054 2013 erat
1084 1967 1288 2013 omnium

57 2030 132 2076 ille
170 2028 315 2084 hostis,
351 2040 398 2074 ut
435 2029 483 2074 in
520 2029 746 2074 communi
781 2030 901 2083 odio,
935 2026 1047 2089 pene
1069 2029 1290 2088 aequa!iter

55 2091 290 2138 versaretur
323 2090 473 2136 odium
526 2106 689 2137 meum.
755 2091 863 2138 Non
895 2091 1030 2152 potest
1064 2091 1152 2136 dici
1173 2089 1290 2146 satis,

57 2169 135 2201 nec
155 2152 341 2212 cogitari
355 2154 548 2213 quidem,
567 2165 778 2213 quantum
801 2154 847 2197 in
866 2154 942 2199 illo
959 2152 1138 2206 sceleriS,
1154 2167 1289 2212 quan·

58 2227 152 2261 tum
166 2215 293 2260 exitii
312 2215 454 2264 fuerit.
480 2215 602 2275 Qin
618 2214 675 2260 sic
692 2215 916 2270 attendite,
934 2215 1112 2283 judiceq,
1129 2229 1291 2274 nempe

59 2278 155 2325 haec
177 2276 234 2323 est
251 2277 425 2339 quaestio
447 2276 500 2324 de
540 2277 717 2323 interitu
739 2279 788 2323 P.
816 2277 980 2324 Clodii.
1047 2275 1223 2344 Fingite
1246 2291 1292 2320 a·

637 2339 680 2385 K
713 2354 734 2399 3
1158 2337 1288 2384 nimis
