1437 2589
272 133 397 191 'Pro
442 132 539 208 Q
571 124 627 186 L
648 151 666 187 r
688 150 724 186 G
745 148 783 186 ‘A
807 148 883 188 R‘1
902 150 956 189 o.
1177 153 1249 210 '43

20 234 58 280 &
78 224 104 276 a
137 227 380 289 legatorum
408 223 592 286 pedibus
630 223 875 272 abduxerit.
945 225 1143 287 Fugitivi
1188 243 1262 271 au-

18 306 102 344 tem
121 291 347 337 dominum
369 287 619 342 accusantiS,
672 292 714 332 ἃ
747 287 979 334 dominum
1022 289 1260 345 absentem,

21 354 303 405 &dominum
337 351 642 397 amiciffimum
664 351 814 397 nostrae
846 353 954 413 reip.
991 352 1092 398 cum
1130 369 1177 398 os
1199 353 1264 398 vi·

7 419 187 473 ⁴debam,
221 417 321 463 cum
363 414 498 460 verba
527 414 776 470 audiebam,
813 432 903 460 non
929 427 1020 461 tam
1055 415 1265 462 afflictam

21 483 183 546 regiam
224 478 521 525 conditionem
543 477 765 534 dolebam,
816 476 950 540 quam
989 479 1044 524 de
1082 480 1266 526 fortunis

21 543 316 594 communibus
348 541 705 588 extimescebam.
796 543 938 597 Nam,
986 543 1090 589 cum
1144 559 1267 589 more

12 609 247 670 majorum,
280 606 334 652 de
368 605 489 651 servo
513 604 559 649 in
579 605 812 651 dominum
835 623 888 652 ne
910 607 1139 652 tormentis
1172 607 1269 668 qui-

22 669 277 734 dem.quaeri
314 669 459 724 liceat,
495 668 542 714 in
573 685 661 731 qua
697 669 930 730 quaestione
964 670 1088 715 dolor
1116 686 1268 717 veram

23 751 173 782 vocem
186 734 338 780 elicere
360 733 483 794 poffit
516 733 653 778 etiam
684 733 739 778 ab
766 733 939 784 invit03
995 745 1185 779 exortus·
1211 736 1271 781 est

23 799 175 854 servus,
207 797 297 859 qui,
332 812 466 858 quern
487 796 535 842 in
564 796 716 842 eculeo
739 797 959 858 appellare
997 814 1085 842 non
1117 798 1267 858 posset,

23 878 123 909 eum
157 859 319 907 accuset
354 860 526 905 solutus,
595 860 821 906 Perturbat
864 876 951 916 me,
1013 862 1066 906 C.
1109 861 1270 916 Caesar,

25 926 153 972 etiam
173 923 278 970 illud
306 923 524 970 interdum
549 941 559 969 :
609 923 729 985 qued
749 935 912 979 tamen,
949 923 1052 970 cum
1077 935 1118 969 te
1148 925 1273 984 peni-

28 989 89 1036 tus
110 987 358 1050 recognovi,
413 987 570 1033 timere
607 986 768 1032 desino.
828 1003 873 1033 re
914 988 1036 1033 enim
1070 988 1274 1050 iniquum

27 1052 96 1108 est,
127 1051 196 1097 sed
223 1050 296 1096 tua
317 1050 529 1112 sapientia
549 1051 596 1097 fit
610 1051 910 1112 aequiffimum.
979 1051 1107 1096 Nam
1129 1052 1273 1098 dicere

29 1114 140 1177 apud
160 1130 258 1160 eum
277 1114 330 1160 de
354 1114 565 1169 facinore,
621 1125 772 1160 contra
801 1115 919 1175 cujus
963 1115 1103 1159 vitam
1139 1115 1277 1162 confi-

30 1178 135 1226 lium
152 1177 353 1225 facinoris
378 1178 498 1223 inisse
531 1193 731 1240 arguare,
789 1179 931 1240 fiper
966 1177 1151 1239 seipsum
1174 1195 1278 1225 con·

23 1240 188 1297 fidem,
228 1257 360 1304 grave
388 1242 461 1287 est.
530 1242 684 1287 Nemo
726 1242 847 1287 enim
869 1242 957 1287 fere
994 1243 1066 1296 est,
1102 1243 1180 1303 qui
1214 1241 1278 1288 sui

31 1304 202 1366 periculi
234 1305 383 1366 judex,
419 1321 507 1351 non
537 1305 616 1351 fibi
655 1306 695 1351 se
724 1306 983 1367 'aequiorem,
1035 1304 1168 1367 quam
1202 1321 1279 1352 reo

24 1367 223 1429 ,praebeat.
289 1368 373 1416 Sed
409 1380 500 1423 tua,
551 1371 604 1414 C.
645 1370 803 1424 Caesar,
855 1370 1052 1430 praestans
1093 1370 1281 1430 fingula-

34 1429 165 1492 risque
201 1443 350 1478 natura
401 1433 517 1478 hunc
564 1432 679 1478 mihi
716 1444 884 1479 metum
923 1432 1097 1478 minuit.
1168 1434 1280 1479 Non

33 1493 145 1540 enim
161 1506 249 1542 tam
269 1495 422 1552 timeo,
460 1495 567 1557 quid
590 1508 635 1541 tu
660 1497 712 1542 de
748 1512 850 1558 rege
875 1497 1108 1552 Deiotaro,
1142 1494 1281 1558 quam

37 1555 242 1619 intelligo,
265 1559 371 1620 quid
403 1559 456 1604 de
471 1571 513 1603 te
550 1572 725 1605 caeteros
758 1561 866 1606 velis
894 1559 1107 1618 judicare.
1176 1561 1282 1605 Mo-

35 1633 132 1666 veor
148 1622 279 1667 etiam
302 1621 388 1667 loci
416 1622 544 1683 ipsius
563 1623 805 1679 insolentia,
841 1624 959 1684 quod
985 1635 1152 1670 tantam
1183 1638 1284 1668 caun

36 1682 137 1739 sam,
170 1696 327 1746 quanta
356 1686 474 1731 nulla
511 1703 703 1748 unquam
743 1687 789 1731 in
833 1686 1145 1748 disceptatione
1184 1701 1284 1731 ver-

38 1744 122 1792 sata
148 1749 217 1803 est,
263 1748 363 1794 dico
387 1748 500 1794 intra
534 1750 790 1796 domesticos
836 1751 1036 1811 parieteS,
1086 1751 1186 1796 dico
1208 1765 1284 1795 ex-

38 1820 102 1855 tra
133 1823 406 1867 conventum,
444 1816 484 1857 Sc
508 1828 610 1859 eam
648 1814 956 1874 frequentiam,
991 1815 1039 1859 in
1072 1830 1158 1876 qua
1190 1829 1285 1859 ora-

39 1881 173 1919 torum
206 1875 339 1921 studia
369 1876 450 1921 niti
483 1875 648 1923 solent:
716 1878 769 1922 In
809 1878 892 1922 tuis
920 1878 1074 1933 oculiS,
1127 1878 1171 1923 in
1209 1890 1283 1922 tuo

40 1949 110 1981 ore
135 1937 335 1998 vultuque
357 1939 610 2000 acquiesco:
646 1953 688 1986 te
723 1956 856 1986 unum
903 1942 1072 1987 intueor
1095 1959 1107 1991 ;
1160 1941 1215 1986 ad
1244 1951 1285 1985 te

43 2012 168 2047 unum
205 2001 348 2046 omnis
385 2018 483 2048 mea
519 2002 680 2065 speftat
716 2004 892 2050 oratio:
950 2021 1046 2066 quae
1080 2004 1196 2051 mihi
1232 2004 1289 2049 ad

0 2062 2 2114 ζ
45 2058 154 2120 spem
189 2063 432 2111 obtinendae
448 2067 643 2113 veritatis
668 2067 916 2128 graviffima
959 2069 1067 2122 sunt,
1114 2067 1169 2113 ad
1192 2083 1285 2112 mo-

47 2126 304 2182 marzanimi,
341 2132 398 2173 Sc·
420 2128 476 2174 ad
496 2145 677 2177 omnem
715 2130 933 2192 impetum
970 2130 1143 2176 dicendi
1187 2146 1290 2179 con:

0 2243 2 2258 k
44 2175 359 2251 *nationemque
396 2191 577 2238 leviora.
661 2194 795 2240 Hanc
834 2193 971 2248 enim,
1032 2196 1084 2239 C.
1130 2193 1288 2247 Caesar,

45 2247 208 2307 {ausam
229 2252 260 2298 fi
281 2252 327 2298 in
355 2253 452 2300 foro
479 2255 689 2312 dicerem,
724 2256 880 2303 eodem
915 2257 1115 2302 audiente
1147 2261 1187 2301 δε
1210 2255 1294 2301 dis-

67 2376 73 2381 ·
128 2319 154 2382 μ’
170 2320 174 2325 ’
192 2320 234 2360 te
254 2315 328 2371 tess·
346 2330 555 2424 {immam
573 2319 687 2365 mihi
727 2320 999 2366 alacritatem
1018 2319 1169 2382 populi
1198 2319 1290 2365 Ro-

70 2434 75 2440 .
115 2378 125 2445 ι’
189 2376 346 2424 concur
365 2395 410 2424 us
450 2381 667 2429 adferret?
724 2384 819 2445 quis
841 2384 962 2430 enim
985 2383 1094 2430 civis
1132 2383 1173 2428 ei
1197 2383 1294 2442 regi

0 2466 3 2470 “
44 2432 321 2536 δᾳξῖὓῖῗθΐθῐ,
341 2442 458 2504 Cujus
473 2460 654 2496 Omnem
675 2458 847 2499 aetatem
864 2448 910 2493 in
933 2447 1086 2512 populi
1100 2445 1294 2556 Βοὲηεῇηἱ

0 2517 7 2531 ”
54 2514 117 2534 '³¹⁶
167 2522 264 2562 ἐμ,
700 2554 705 2557 ,
883 2529 898 2557 1
1200 2525 1222 2555 e
1260 2524 1295 2554 15
