1437 2589
263 66 961 141 ProQ.L10AR10
1200 89 1279 145 33

35 159 297 224 impedirent
328 160 610 207 clementiam
640 171 778 234 tuam,
813 176 917 207 cum
947 159 1082 207 etiam
1106 160 1154 220 ij,
1190 163 1287 222 qui
1292 194 1297 205 ,

35 225 112 273 bus
126 224 214 286 ipse
236 225 459 286 ignovisti,
495 224 635 270 nolint
656 235 698 269 te
720 225 767 272 in
787 224 895 271 alios
931 224 1012 269 effe
1045 224 1286 271 m11e11c0r

35 289 188 335 dem?
210 287 343 350 Qod
359 287 390 333 fi
405 288 591 349 probare
617 286 775 334 Caesari
797 288 1025 349 posterum,
1061 287 1108 332 in
1130 287 1287 334 Africa

33 351 265 412 Ligarium
281 351 464 397 omnino
485 367 573 397 non
594 350 744 396 fuiffe:
780 351 811 396 si
832 351 1028 404 honesto,
1053 354 1094 396 δε
1121 350 1286 396 miseri

33 414 153 461 cordi
182 414 430 470 mendacio,
466 414 589 461 saluti
619 414 729 459 civis
767 414 1006 460 calamitosi
1042 413 1284 461 consultum

32 477 113 524 effe
132 477 369 528 vellemus3
400 489 548 524 tamen
582 476 778 548 hominis
799 494 889 522 non
930 476 1045 531 esset,
1093 477 1141 522 in
1162 488 1284 524 tanto

32 539 281 586 discrimine
305 545 347 586 &
367 540 561 601 periculo
579 539 706 596 civis,
750 540 944 585 refellere
972 545 1013 585 «Sc
1047 555 1285 602 coarguere

31 603 220 650 nostrum
240 603 547 650 mendacium:
584 608 624 648 δε
648 603 681 648 fi
700 604 802 649 effet
822 603 1020 663 aliqu'uS,
1055 603 1144 663 ejus
1168 615 1284 650 certe

31 682 117 712 non
153 667 266 721 effet,
302 667 376 728 qui
415 667 464 712 in
505 667 660 713 eadem
689 667 822 714 causa
857 670 897 712 δε
932 666 1106 712 fortuna
1127 667 1280 713 fuiflet,

31 730 115 776 Sed
146 742 303 776 tamen.
325 730 446 776 aliud
463 730 525 779 est
553 746 694 775 errare
738 731 953 776 Caesarem
985 729 1117 785 nolle,
1164 729 1285 776 aliud

30 793 146 838 nolle
166 793 373 838 misereri.
441 795 565 839 Tum
596 792 776 848 diceres,
814 794 952 848 Cave,
990 793 1147 848 Caesar,
1194 809 1283 838 cre-

31 855 135 901 das:
170 856 285 901 fuit
272 872 320 900 m
342 856 746 917 Africa‘Ligarius:
782 856 880 902 tulit
895 872 1018 901 arma
1052 868 1202 902 contra
1223 867 1280 903 te.

33 918 168 964 Nunc
187 918 298 980 quid
318 919 457 965 dicis
449 924 463 954 Ρ
500 920 620 965 Cave
635 919 847 980 ignoscas.
915 920 1029 964 Haec
1042 936 1120 965 nec
1137 920 1281 965 homi-

37 981 120 1036 nis,
153 998 234 1028 nec
256 981 311 1027 ad
333 958 683 1027 hominemvox⁰
680 982 772 1028 est:
808 998 894 1042 qua
915 982 989 1043 qui
1009 983 1122 1043 apud
1146 994 1200 1037 te,
1224 984 1277 1030 C.

33 1043 189 1100 Caesar,
224 1056 380 1101 utetur,
414 1045 535 1091 suam
569 1045 696 1091 citius
731 1044 911 1105 abjiciet
943 1045 1143 1091 humani
1130 1058 1280 1101 atem,

31 1124 163 1169 quam
198 1108 476 1170 extorquebit
521 1119 656 1155 tuam
725 1109 795 1153 Ac
831 1108 1001 1169 primus
1045 1109 1202 1164 adituS,
1239 1115 1281 1156 a:

31 1170 258 1232 postulatio
278 1171 525 1218 Tuberonis
556 1172 668 1225 haec,
692 1181 738 1217 ut
760 1172 934 1234 opinor,
969 1171 1030 1217 fui
1019 1183 1078 1227 t
1102 1167 1215 1219 velle
1238 1173 1280 1219 se

31 1233 83 1279 de
120 1234 371 1296 QLigarij
416 1234 570 1280 scelere
593 1235 752 1281 dicere.
820 1235 931 1281 Non
967 1209 1137 1289 dubito,
1172 1237 1288 1298 quin»

31 1297 263 1344 admiratus
287 1298 354 1354 fis,
390 1299 460 1344 vel
483 1298 599 1359 quod
612 1299 665 1344 de
686 1297 807 1343 nullo
829 1298 917 1343 alio
935 1289 1180 1361 quisquam,
1207 1300 1278 1346 vel

31 1359 212 1432 quodis,
248 1362 323 1422 qui
359 1362 405 1406 in
438 1362 595 1408 eadam
616 1361 755 1408 causa
772 1361 928 1416 fuisset,
962 1362 1031 1407 vel
1070 1363 1280 1424 quidnam

30 1424 135 1469 novi
153 1423 356 1470 facinoris
379 1425 578 1471 adferret.
647 1424 792 1472 Scelus
821 1436 866 1470 tu
884 1424 993 1470 illud
1013 1441 1160 1481 vocas,
1185 1428 1280 1472 Tu-

30 1486 162 1534 bero
154 1491 168 1523 Ρ
204 1503 280 1533 cur
303 1492 319 1534 ?
354 1488 384 1532 it
387 1504 432 1533 to
453 1489 574 1534 enim
597 1489 775 1533 nomine
792 1488 869 1533 illa
891 1488 1034 1534 adhuc
1063 1489 1188 1535 causa
1210 1506 1279 1536 ca-

29 1551 143 1595 ruit:
180 1550 254 1595 ali‘
225 1567 254 1609 J
298 1567 489 1598 errorem
535 1552 771 1613 appellant,
808 1551 883 1611 alij
907 1552 1147 1598 timorem:
1203 1553 1279 1615 qui

30 1612 120 1658 dux
90 1614 189 1667 ius,
226 1619 362 1674 spem,
398 1615 700 1676 cupiditatem,
748 1614 917 1671 odium,
953 1632 1027 1677 per
1009 1616 1206 1661 tinacia
1195 1634 1279 1662 ιιι

31 1676 105 1737 qui
126 1692 233 1738 grav
236 1676 385 1732 :fliz-ne,
422 1679 743 1725 temeritatem:
778 1678 926 1734 scelus,
951 1691 1103 1741 praeter
1124 1691 1180 1734 te,
1206 1680 1279 1725 ad

30 1738 116 1784 huc
139 1756 284 1786 nemo.
353 1742 422 1786 Ac
444 1742 558 1787 mihi
595 1742 790 1803 quidem,
826 1742 857 1786 fi
878 1744 1104 1803 proprium
1143 1747 1183 1788 ‹32-
1206 1757 1278 1788 ie
1284 1775 1288 1778 -

30 1817 126 1849 rum
162 1819 327 1849 nomen
344 1804 472 1851 nostri
512 1806 616 1852 mali
653 1816 881 1867 quaeratur,
916 1805 1058 1851 fatalis
1080 1806 1281 1867 quaedam

29 1866 185 1912 calami
190 1878 251 1913 tas
266 1867 456 1913 incidisse¹
480 1869 664 1923 videtur,
691 1873 731 1913 &
753 1869 1022 1930 improvidas
1045 1869 1282 1915 hominum

29 1941 192 1975 mentes
224 1945 329 1976 occu
333 1931 522 1992 pavifi'e·
558 1943 610 1977 ut
627 1947 757 1977 nemo
781 1931 933 1977 mirari
956 1932 1112 1979 debeat
1126 1933 1285 1978 huma-

28 2007 86 2043 na
100 1993 280 2039 consilia
311 1994 463 2040 divina
490 1995 727 2042 necestitate
749 1994 828 2041 effe
852 1995 1059 2057 superata.
1128 1995 1282 2042 Liceat

28 2055 109 2100 effe
130 2057 320 2112 miserm,
356 2073 606 2119 quanquam
622 2058 708 2105 hoc
721 2058 902 2115 victore,
938 2060 1018 2104 effe
1035 2075 1123 2104 non
1145 2060 1281 2121 poffu

31 2132 142 2166 mus.
208 2119 294 2167 Sed
321 2136 409 2167 non
431 2121 586 2183 loquor
621 2121 674 2167 de
711 2122 868 2168 nobis:
902 2123 954 2168 de
1001 2122 1084 2167 illis
1106 2122 1278 2202 loquor,

31 2181 105 2242 qui
154 2183 438 2229 occiderunt:
493 2185 667 2233 fuerint
708 2185 874 2246 cupidi,
933 2186 1092 2231 fuerint
1160 2186 1278 2241 irati,

15 2242 190 2292 'fuerint
237 2246 512 2308 pertinaces:
570 2247 736 2295 sceleris
780 2248 885 2294 vero
947 2248 1148 2305 crimine,
1215 2249 1279 2293 su-

32 2307 156 2363 toris,
211 2309 452 2370 parricidij,
500 2311 629 2357 liceat
679 2312 764 2357 Cn.
823 2312 1037 2372 Pompe-io
1088 2324 1278 2362 mortuo,

30 2367 159 2422 liceat
180 2373 327 2422 multis
350 2373 445 2421 aliis
469 2389 638 2423 carere..
696 2374 887 2438 Qando
925 2375 1021 2423 hoc.
1050 2374 1283 2438 quisquam

38 2453 78 2482 ι.,
1221 2451 1278 2483 ex

679 2517 701 2549 Β
