1437 2589
158 172 277 226 216
535 165 1017 227 ORATIO

153 258 407 313 &antemon
423 256 641 305 dubitavit
655 259 889 306 aedificium
909 262 1123 306 exstruere
1138 257 1186 307 in
1203 259 1381 308 alieno:

146 321 226 380 qui
261 320 365 366 huic
384 323 443 368 T.
470 321 677 366 Furfanio
715 322 801 381 (cui
824 322 935 374 viro,
971 323 1033 368 dii
1072 318 1376 369 immortales!
1408 378 1411 381 ι

147 382 257 442 quid
277 383 398 428 enim
434 382 488 428 de
509 384 767 430 muliercula
794 384 1005 431 Scantia?
1039 384 1147 446 quid
1183 384 1236 429 de
1278 383 1382 430 ado-

147 444 334 491 lescente
357 446 577 505 Apronio,
622 446 802 492 dicam?
851 463 1036 508 quorum
1071 446 1242 507 utrique
1265 462 1384 493 mor·
1406 450 1416 462 ”

148 515 240 552 tem
250 508 308 552 est
329 507 567 562 minitatus,
591 508 670 553 nisi
679 508 761 556 fibi
781 508 1009 555 hortorum
1030 509 1275 569 poss‘essione
1297 507 1383 555 ces-

148 569 270 630 sisset)
307 568 376 614 sed
393 569 512 615 ausus
532 571 591 615 est
609 570 817 616 Furfanio
839 571 998 627 dicere,
1037 571 1069 616 fi
1090 568 1169 617 fibi
1206 571 1384 632 pecuni-

145 646 241 686 am,
264 642 473 691 quantam
505 631 774 693 poposcerat,
806 648 899 681 enon
932 633 1121 687 dediss‘et,
1157 643 1380 679 mortuum

146 693 191 739 se
213 694 258 740 in
279 693 461 740 domum
478 695 566 753 ejus
585 694 806 740 illaturum
828 712 841 745 ς
878 696 965 756 qua
996 695 1164 740 invidia
1185 694 1290 740 huic
1320 693 1401 740 es·¹

145 755 209 802 set
229 756 303 801 tali
327 755 424 801 viro
445 755 806 817 conflagrandum
824 773 833 803 t
865 758 939 818 qui
964 758 1165 818 Appium
1180 756 1378 815 fratrem,

147 817 380 864 hominem
403 817 517 864 mihi
557 819 835 878 conjunctum
876 819 1076 865 fidissirna
1097 820 1258 881 gratia,
1302 819 1380 866 ab·

147 880 312 926 sentem
333 880 386 926 de
408 880 652 941 poss'essione
672 881 795 927 fundi
826 881 1013 941 dejecit:
1048 882 1126 943 qui
1163 881 1378 943 parietem

147 942 207 989 fic
228 958 306 1004 per
328 943 584 990 vestibulum
606 942 760 989 sororis
781 943 961 990 instituit
994 943 1162 998 ducere,
1198 944 1256 990 fic
1277 957 1382 1004 age-

147 1020 195 1052 re
238 1004 534 1060 fimdamenta,
574 1016 622 1051 ut
657 1004 846 1053 sororem
883 1022 968 1051 non
1002 1006 1136 1052 modo
1170 1005 1378 1052 vestibulo

148 1066 358 1129 privaret,
409 1067 480 1113 sed
518 1068 640 1113 omni
680 1067 814 1123 aditu,
861 1072 902 1113 δε
940 1069 969 1094 ³*
992 1068 1161 1114 limine.
1227 1068 1381 1129 Qan-

145 1144 284 1191 quam
306 1129 407 1176 haec
427 1129 602 1190 quidem
614 1129 710 1189 jam
735 1130 980 1176 tolerabilia
1001 1130 1277 1184 videbantur,
1300 1129 1378 1176 etfi

148 1191 421 1254 aequabiliter
443 1192 489 1236 in
511 1192 847 1253 rempublicam,
888 1193 936 1238 in
970 1193 1182 1254 privatos,
1217 1192 1264 1237 in
1279 1191 1380 1238 lon·

146 1256 354 1316 ginquos,
387 1253 432 1299 in
455 1253 735 1316 propinquos,
770 1255 816 1300 in
839 1255 1019 1309 alienos,
1054 1254 1102 1300 in
1131 1254 1222 1299 suos
1243 1253 1378 1299 irrue·
1408 1265 1417 1281 -’

147 1317 258 1364 bat:
293 1315 363 1362 sed
384 1315 528 1362 nescio
549 1317 772 1377 quomodo
799 1317 894 1376 jam
926 1317 1001 1363 usu
1021 1315 1297 1369 obduruerat,
1333 1319 1377 1360 &
1409 1327 1413 1346 -·

146 1378 432 1441 percalluerat
462 1378 649 1426 civitatis
679 1378 948 1425 incredibilis
971 1378 1195 1440 patientia.
1262 1379 1376 1440 Qae

145 1441 251 1489 vero
283 1442 461 1487 aderant
475 1441 570 1501 jam
593 1447 635 1487 δε
668 1441 995 1503 impendebant,
1029 1456 1220 1503 quonam
1242 1440 1377 1486 modo

146 1519 202 1551 ea
229 1514 304 1549 aut
332 1503 544 1564 depellere
565 1504 816 1565 potuiss‘etiS,
850 1516 925 1550 aut
943 1503 1055 1549 ferre
1077 1506 1095 1550 ?
1129 1503 1376 1564 Imperium

146 1567 182 1614 fi
204 1566 277 1613 ille
293 1567 440 1612 nactus
460 1566 560 1612 effet
592 1567 764 1626 (omitto
785 1565 937 1620 socios,
972 1576 1140 1611 exteras
1160 1565 1379 1619 nationes,

146 1644 289 1692 reges,
325 1628 586 1674 tetrarchas:
625 1641 729 1674 vota
764 1629 885 1675 enim
915 1628 1129 1682 faceretis,
1163 1627 1277 1673 utin
1299 1642 1374 1673 eos

147 1691 190 1738 se
227 1690 370 1752 potius
394 1690 597 1746 mitteret,
647 1706 781 1752 quam
815 1691 861 1736 in
901 1691 1055 1735 vestras
1091 1690 1375 1751 poss‘essiones)
1436 1693 1437 1699 ’

147 1754 286 1800 vestra
302 1753 427 1806 tecta,
461 1753 615 1798 vestras
629 1753 831 1814 pecunias
850 1769 860 1798 t
896 1754 924 1779 *
942 1753 1147 1814 pecunias
1168 1752 1267 1798 dico
1285 1755 1304 1798 ,Ρ
1346 1749 1376 1799 ὲ

146 1815 311 1870 liberis,
354 1811 380 1861 ὲ
399 1814 548 1860 liberis
570 1815 736 1860 medius
750 1815 890 1870 fidius,
926 1819 967 1859 δι
982 1812 1008 1859 ὲ
1021 1814 1281 1875 conjugibus
1298 1829 1373 1860 ve-

145 1879 238 1926 stris
254 1892 476 1937 nunquam
492 1877 566 1922 ille
588 1877 811 1923 effrenatas
828 1876 917 1922 suas
940 1876 1141 1922 libidines
1158 1877 1375 1922 cohibuis-

144 1943 224 1989 set.
260 1939 395 2000 Fingi
412 1939 506 1984 haec
522 1939 696 1999 putatis,
721 1954 817 2000 quae
832 1950 999 1999 patent,
1018 1954 1119 1999 quae
1139 1950 1243 1985 nota
1276 1938 1373 1985 sunt
1398 1971 1412 2003 ιθ

142 2001 364 2055 omnibus,
388 2017 484 2062 quae
507 2005 736 2047 tenentur?
775 2000 994 2046 servorum
1010 2000 1221 2048 exercitus
1243 2001 1399 2048 illum

144 2066 194 2112 in
223 2064 330 2110 urbe
352 2061 690 2122 conscripturum
715 2062 853 2117 fuiffe,
878 2078 954 2124 per
974 2078 1079 2122 quos
1095 2074 1234 2109 totam
1258 2079 1373 2109 rem·
1403 2114 1406 2115 ⁷

144 2127 250 2190 pub.
271 2125 417 2186 resque
433 2123 620 2184 privatas
649 2126 852 2170 omnium
870 2126 1123 2186 possideret?
1142 2125 1373 2186 Qamob-
1401 2156 1406 2164 -

145 2205 242 2237 rem
275 2188 307 2234 fi
336 2198 562 2232 cruentum
585 2187 784 2248 gladium
807 2199 952 2233 tenens
967 2186 1175 2233 clamaret
1195 2187 1257 2233 T.
1279 2187 1373 2233 An·
1400 2196 1405 2215 ³

144 2252 258 2306 nius,
277 2249 447 2303 Adeste,
482 2250 640 2309 quaeso,
664 2262 790 2311 atque
803 2250 965 2304 audite,
986 2249 1127 2294 cives:
1150 2249 1198 2294 P.
1225 2247 1372 2294 Clodi·
1395 2253 1401 2298 T

146 2331 224 2360 um
241 2311 437 2359 interfeci
454 2327 465 2356 :
483 2310 571 2369 ejus
589 2310 769 2366 furoreS,
814 2327 921 2373 quos
935 2307 1367 2371 nulliqjamlegibus,
1392 2323 1399 2341 1

145 2377 274 2428 nullis
304 2374 482 2438 judiciis
504 2372 672 2424 stenare
688 2385 952 2438 poteramus,
986 2371 1074 2423 hoc
1094 2372 1265 2483 fernz?
1282 2372 1368 2418 hac

1247 2443 1372 2484 xoem
